%YAML 1.1
%TAG !u! tag:unity3d.com,2011:
--- !u!1 &6043951165227365216
GameObject:
  m_ObjectHideFlags: 0
  m_CorrespondingSourceObject: {fileID: 0}
  m_PrefabInstance: {fileID: 0}
  m_PrefabAsset: {fileID: 0}
  serializedVersion: 6
  m_Component:
  - component: {fileID: 6043951165227365247}
  m_Layer: 0
  m_Name: Pillar
  m_TagString: Untagged
  m_Icon: {fileID: 0}
  m_NavMeshLayer: 0
  m_StaticEditorFlags: 0
  m_IsActive: 1
--- !u!4 &6043951165227365247
Transform:
  m_ObjectHideFlags: 0
  m_CorrespondingSourceObject: {fileID: 0}
  m_PrefabInstance: {fileID: 0}
  m_PrefabAsset: {fileID: 0}
  m_GameObject: {fileID: 6043951165227365216}
  m_LocalRotation: {x: -0, y: -0, z: -0, w: 1}
  m_LocalPosition: {x: 58.84, y: 0, z: 0}
  m_LocalScale: {x: 1, y: 1, z: 1}
  m_Children:
  - {fileID: 6043951167245061867}
  - {fileID: 6043951167302686672}
  - {fileID: 6043951167259571445}
  - {fileID: 6043951166976787208}
  - {fileID: 6043951167038751858}
  - {fileID: 6043951166796618461}
  - {fileID: 6043951166798644752}
  - {fileID: 6043951166864466755}
  - {fileID: 6043951166774231511}
  - {fileID: 6043951166536781483}
  - {fileID: 6043951166299998839}
  - {fileID: 6043951166156646100}
  - {fileID: 6043951166131991045}
  - {fileID: 6043951166203943178}
  - {fileID: 6043951166019140519}
  - {fileID: 6043951166044008563}
  - {fileID: 6043951165913979960}
  - {fileID: 6043951165929857714}
  - {fileID: 6043951165814185320}
  - {fileID: 6043951165825906910}
  - {fileID: 6043951165642479440}
  - {fileID: 6043951165577511407}
  - {fileID: 6043951165701904123}
  - {fileID: 6043951165704014145}
  - {fileID: 6043951165565101410}
  - {fileID: 6043951165537620655}
  - {fileID: 6043951166276952647}
  - {fileID: 6043951166369918158}
  - {fileID: 6043951166034541758}
  - {fileID: 6043951165710919139}
  - {fileID: 6043951167222813456}
  - {fileID: 6043951165609477891}
  - {fileID: 6043951166478143689}
  - {fileID: 6043951165535572886}
  - {fileID: 6043951166189619142}
  - {fileID: 6043951167055128624}
  - {fileID: 6043951165788020719}
  - {fileID: 6043951166520378842}
  - {fileID: 6043951166705459474}
  - {fileID: 6043951166280908186}
  - {fileID: 6043951167237394521}
  - {fileID: 6043951165636497239}
  - {fileID: 6043951166996913715}
  - {fileID: 6043951167047145429}
  - {fileID: 6043951166860938132}
  m_Father: {fileID: 0}
  m_RootOrder: 0
  m_LocalEulerAnglesHint: {x: 0, y: 0, z: 0}
--- !u!64 &6043951166997320815
MeshCollider:
  m_ObjectHideFlags: 0
  m_CorrespondingSourceObject: {fileID: 0}
  m_PrefabInstance: {fileID: 0}
  m_PrefabAsset: {fileID: 0}
  m_GameObject: {fileID: 6043951166997179081}
  m_Material: {fileID: 0}
  m_IsTrigger: 0
  m_Enabled: 1
  serializedVersion: 4
  m_Convex: 0
  m_CookingOptions: 30
  m_Mesh: {fileID: 0}
--- !u!64 &6043951167046763125
MeshCollider:
  m_ObjectHideFlags: 0
  m_CorrespondingSourceObject: {fileID: 0}
  m_PrefabInstance: {fileID: 0}
  m_PrefabAsset: {fileID: 0}
  m_GameObject: {fileID: 6043951167046886191}
  m_Material: {fileID: 0}
  m_IsTrigger: 0
  m_Enabled: 1
  serializedVersion: 4
  m_Convex: 0
  m_CookingOptions: 30
  m_Mesh: {fileID: 0}
--- !u!1001 &6043951165535176982
PrefabInstance:
  m_ObjectHideFlags: 0
  serializedVersion: 2
  m_Modification:
    m_TransformParent: {fileID: 6043951165227365247}
    m_Modifications:
    - target: {fileID: 100000, guid: 20c90fd4e199fa84590eb46fca20af85, type: 3}
      propertyPath: m_Name
      value: column_top_3 (5)
      objectReference: {fileID: 0}
    - target: {fileID: 400000, guid: 20c90fd4e199fa84590eb46fca20af85, type: 3}
      propertyPath: m_LocalPosition.x
      value: -15.220001
      objectReference: {fileID: 0}
    - target: {fileID: 400000, guid: 20c90fd4e199fa84590eb46fca20af85, type: 3}
      propertyPath: m_LocalPosition.y
      value: -2
      objectReference: {fileID: 0}
    - target: {fileID: 400000, guid: 20c90fd4e199fa84590eb46fca20af85, type: 3}
      propertyPath: m_LocalPosition.z
      value: -7
      objectReference: {fileID: 0}
    - target: {fileID: 400000, guid: 20c90fd4e199fa84590eb46fca20af85, type: 3}
      propertyPath: m_LocalRotation.x
      value: 0
      objectReference: {fileID: 0}
    - target: {fileID: 400000, guid: 20c90fd4e199fa84590eb46fca20af85, type: 3}
      propertyPath: m_LocalRotation.y
      value: -0.7071068
      objectReference: {fileID: 0}
    - target: {fileID: 400000, guid: 20c90fd4e199fa84590eb46fca20af85, type: 3}
      propertyPath: m_LocalRotation.z
      value: -0
      objectReference: {fileID: 0}
    - target: {fileID: 400000, guid: 20c90fd4e199fa84590eb46fca20af85, type: 3}
      propertyPath: m_LocalRotation.w
      value: 0.7071068
      objectReference: {fileID: 0}
    - target: {fileID: 400000, guid: 20c90fd4e199fa84590eb46fca20af85, type: 3}
      propertyPath: m_RootOrder
      value: 33
      objectReference: {fileID: 0}
    m_RemovedComponents: []
  m_SourcePrefab: {fileID: 100100000, guid: 20c90fd4e199fa84590eb46fca20af85, type: 3}
--- !u!4 &6043951165535572886 stripped
Transform:
  m_CorrespondingSourceObject: {fileID: 400000, guid: 20c90fd4e199fa84590eb46fca20af85,
    type: 3}
  m_PrefabInstance: {fileID: 6043951165535176982}
  m_PrefabAsset: {fileID: 0}
--- !u!1001 &6043951165537486895
PrefabInstance:
  m_ObjectHideFlags: 0
  serializedVersion: 2
  m_Modification:
    m_TransformParent: {fileID: 6043951165227365247}
    m_Modifications:
    - target: {fileID: 100000, guid: 7487e5e4c7555e34aa94609e2b1825f5, type: 3}
      propertyPath: m_Name
      value: floor_17 (5)
      objectReference: {fileID: 0}
    - target: {fileID: 400000, guid: 7487e5e4c7555e34aa94609e2b1825f5, type: 3}
      propertyPath: m_LocalPosition.x
      value: -16.220001
      objectReference: {fileID: 0}
    - target: {fileID: 400000, guid: 7487e5e4c7555e34aa94609e2b1825f5, type: 3}
      propertyPath: m_LocalPosition.y
      value: -2
      objectReference: {fileID: 0}
    - target: {fileID: 400000, guid: 7487e5e4c7555e34aa94609e2b1825f5, type: 3}
      propertyPath: m_LocalPosition.z
      value: -8
      objectReference: {fileID: 0}
    - target: {fileID: 400000, guid: 7487e5e4c7555e34aa94609e2b1825f5, type: 3}
      propertyPath: m_LocalRotation.x
      value: -0
      objectReference: {fileID: 0}
    - target: {fileID: 400000, guid: 7487e5e4c7555e34aa94609e2b1825f5, type: 3}
      propertyPath: m_LocalRotation.y
      value: -0
      objectReference: {fileID: 0}
    - target: {fileID: 400000, guid: 7487e5e4c7555e34aa94609e2b1825f5, type: 3}
      propertyPath: m_LocalRotation.z
      value: -0
      objectReference: {fileID: 0}
    - target: {fileID: 400000, guid: 7487e5e4c7555e34aa94609e2b1825f5, type: 3}
      propertyPath: m_LocalRotation.w
      value: 1
      objectReference: {fileID: 0}
    - target: {fileID: 400000, guid: 7487e5e4c7555e34aa94609e2b1825f5, type: 3}
      propertyPath: m_RootOrder
      value: 25
      objectReference: {fileID: 0}
    m_RemovedComponents: []
  m_SourcePrefab: {fileID: 100100000, guid: 7487e5e4c7555e34aa94609e2b1825f5, type: 3}
--- !u!4 &6043951165537620655 stripped
Transform:
  m_CorrespondingSourceObject: {fileID: 400000, guid: 7487e5e4c7555e34aa94609e2b1825f5,
    type: 3}
  m_PrefabInstance: {fileID: 6043951165537486895}
  m_PrefabAsset: {fileID: 0}
--- !u!1001 &6043951165565501410
PrefabInstance:
  m_ObjectHideFlags: 0
  serializedVersion: 2
  m_Modification:
    m_TransformParent: {fileID: 6043951165227365247}
    m_Modifications:
    - target: {fileID: 100000, guid: 20c90fd4e199fa84590eb46fca20af85, type: 3}
      propertyPath: m_Name
      value: column_top_3 (4)
      objectReference: {fileID: 0}
    - target: {fileID: 400000, guid: 20c90fd4e199fa84590eb46fca20af85, type: 3}
      propertyPath: m_LocalPosition.x
      value: -15.220001
      objectReference: {fileID: 0}
    - target: {fileID: 400000, guid: 20c90fd4e199fa84590eb46fca20af85, type: 3}
      propertyPath: m_LocalPosition.y
      value: -2
      objectReference: {fileID: 0}
    - target: {fileID: 400000, guid: 20c90fd4e199fa84590eb46fca20af85, type: 3}
      propertyPath: m_LocalPosition.z
      value: -13
      objectReference: {fileID: 0}
    - target: {fileID: 400000, guid: 20c90fd4e199fa84590eb46fca20af85, type: 3}
      propertyPath: m_LocalRotation.x
      value: 0
      objectReference: {fileID: 0}
    - target: {fileID: 400000, guid: 20c90fd4e199fa84590eb46fca20af85, type: 3}
      propertyPath: m_LocalRotation.y
      value: -0.7071068
      objectReference: {fileID: 0}
    - target: {fileID: 400000, guid: 20c90fd4e199fa84590eb46fca20af85, type: 3}
      propertyPath: m_LocalRotation.z
      value: -0
      objectReference: {fileID: 0}
    - target: {fileID: 400000, guid: 20c90fd4e199fa84590eb46fca20af85, type: 3}
      propertyPath: m_LocalRotation.w
      value: 0.7071068
      objectReference: {fileID: 0}
    - target: {fileID: 400000, guid: 20c90fd4e199fa84590eb46fca20af85, type: 3}
      propertyPath: m_RootOrder
      value: 24
      objectReference: {fileID: 0}
    m_RemovedComponents: []
  m_SourcePrefab: {fileID: 100100000, guid: 20c90fd4e199fa84590eb46fca20af85, type: 3}
--- !u!4 &6043951165565101410 stripped
Transform:
  m_CorrespondingSourceObject: {fileID: 400000, guid: 20c90fd4e199fa84590eb46fca20af85,
    type: 3}
  m_PrefabInstance: {fileID: 6043951165565501410}
  m_PrefabAsset: {fileID: 0}
--- !u!1001 &6043951165577124719
PrefabInstance:
  m_ObjectHideFlags: 0
  serializedVersion: 2
  m_Modification:
    m_TransformParent: {fileID: 6043951165227365247}
    m_Modifications:
    - target: {fileID: 100000, guid: 7487e5e4c7555e34aa94609e2b1825f5, type: 3}
      propertyPath: m_Name
      value: floor_17 (9)
      objectReference: {fileID: 0}
    - target: {fileID: 400000, guid: 7487e5e4c7555e34aa94609e2b1825f5, type: 3}
      propertyPath: m_LocalPosition.x
      value: -16.220001
      objectReference: {fileID: 0}
    - target: {fileID: 400000, guid: 7487e5e4c7555e34aa94609e2b1825f5, type: 3}
      propertyPath: m_LocalPosition.y
      value: -2
      objectReference: {fileID: 0}
    - target: {fileID: 400000, guid: 7487e5e4c7555e34aa94609e2b1825f5, type: 3}
      propertyPath: m_LocalPosition.z
      value: -12
      objectReference: {fileID: 0}
    - target: {fileID: 400000, guid: 7487e5e4c7555e34aa94609e2b1825f5, type: 3}
      propertyPath: m_LocalRotation.x
      value: -0
      objectReference: {fileID: 0}
    - target: {fileID: 400000, guid: 7487e5e4c7555e34aa94609e2b1825f5, type: 3}
      propertyPath: m_LocalRotation.y
      value: -0
      objectReference: {fileID: 0}
    - target: {fileID: 400000, guid: 7487e5e4c7555e34aa94609e2b1825f5, type: 3}
      propertyPath: m_LocalRotation.z
      value: -0
      objectReference: {fileID: 0}
    - target: {fileID: 400000, guid: 7487e5e4c7555e34aa94609e2b1825f5, type: 3}
      propertyPath: m_LocalRotation.w
      value: 1
      objectReference: {fileID: 0}
    - target: {fileID: 400000, guid: 7487e5e4c7555e34aa94609e2b1825f5, type: 3}
      propertyPath: m_RootOrder
      value: 21
      objectReference: {fileID: 0}
    m_RemovedComponents: []
  m_SourcePrefab: {fileID: 100100000, guid: 7487e5e4c7555e34aa94609e2b1825f5, type: 3}
--- !u!4 &6043951165577511407 stripped
Transform:
  m_CorrespondingSourceObject: {fileID: 400000, guid: 7487e5e4c7555e34aa94609e2b1825f5,
    type: 3}
  m_PrefabInstance: {fileID: 6043951165577124719}
  m_PrefabAsset: {fileID: 0}
--- !u!1001 &6043951165609155513
PrefabInstance:
  m_ObjectHideFlags: 0
  serializedVersion: 2
  m_Modification:
    m_TransformParent: {fileID: 6043951165227365247}
    m_Modifications:
    - target: {fileID: 151238, guid: 0bbf7f386d7ddce40a533c0f56c51130, type: 3}
      propertyPath: m_Name
      value: wall_top_5 (10)
      objectReference: {fileID: 0}
    - target: {fileID: 466106, guid: 0bbf7f386d7ddce40a533c0f56c51130, type: 3}
      propertyPath: m_LocalPosition.x
      value: -18.220001
      objectReference: {fileID: 0}
    - target: {fileID: 466106, guid: 0bbf7f386d7ddce40a533c0f56c51130, type: 3}
      propertyPath: m_LocalPosition.y
      value: -2.22
      objectReference: {fileID: 0}
    - target: {fileID: 466106, guid: 0bbf7f386d7ddce40a533c0f56c51130, type: 3}
      propertyPath: m_LocalPosition.z
      value: -13
      objectReference: {fileID: 0}
    - target: {fileID: 466106, guid: 0bbf7f386d7ddce40a533c0f56c51130, type: 3}
      propertyPath: m_LocalRotation.x
      value: -0
      objectReference: {fileID: 0}
    - target: {fileID: 466106, guid: 0bbf7f386d7ddce40a533c0f56c51130, type: 3}
      propertyPath: m_LocalRotation.y
      value: 0.7071068
      objectReference: {fileID: 0}
    - target: {fileID: 466106, guid: 0bbf7f386d7ddce40a533c0f56c51130, type: 3}
      propertyPath: m_LocalRotation.z
      value: -0
      objectReference: {fileID: 0}
    - target: {fileID: 466106, guid: 0bbf7f386d7ddce40a533c0f56c51130, type: 3}
      propertyPath: m_LocalRotation.w
      value: 0.7071067
      objectReference: {fileID: 0}
    - target: {fileID: 466106, guid: 0bbf7f386d7ddce40a533c0f56c51130, type: 3}
      propertyPath: m_RootOrder
      value: 31
      objectReference: {fileID: 0}
    m_RemovedComponents: []
  m_SourcePrefab: {fileID: 100100000, guid: 0bbf7f386d7ddce40a533c0f56c51130, type: 3}
--- !u!4 &6043951165609477891 stripped
Transform:
  m_CorrespondingSourceObject: {fileID: 466106, guid: 0bbf7f386d7ddce40a533c0f56c51130,
    type: 3}
  m_PrefabInstance: {fileID: 6043951165609155513}
  m_PrefabAsset: {fileID: 0}
--- !u!1001 &6043951165636629975
PrefabInstance:
  m_ObjectHideFlags: 0
  serializedVersion: 2
  m_Modification:
    m_TransformParent: {fileID: 6043951165227365247}
    m_Modifications:
    - target: {fileID: 100000, guid: b7d62038123024d43ac94ca293ca02ee, type: 3}
      propertyPath: m_Name
      value: Lamp_1 (4)
      objectReference: {fileID: 0}
    - target: {fileID: 400000, guid: b7d62038123024d43ac94ca293ca02ee, type: 3}
      propertyPath: m_LocalPosition.x
      value: -18.220001
      objectReference: {fileID: 0}
    - target: {fileID: 400000, guid: b7d62038123024d43ac94ca293ca02ee, type: 3}
      propertyPath: m_LocalPosition.y
      value: -2
      objectReference: {fileID: 0}
    - target: {fileID: 400000, guid: b7d62038123024d43ac94ca293ca02ee, type: 3}
      propertyPath: m_LocalPosition.z
      value: -12
      objectReference: {fileID: 0}
    - target: {fileID: 400000, guid: b7d62038123024d43ac94ca293ca02ee, type: 3}
      propertyPath: m_LocalRotation.x
      value: -0
      objectReference: {fileID: 0}
    - target: {fileID: 400000, guid: b7d62038123024d43ac94ca293ca02ee, type: 3}
      propertyPath: m_LocalRotation.y
      value: -0
      objectReference: {fileID: 0}
    - target: {fileID: 400000, guid: b7d62038123024d43ac94ca293ca02ee, type: 3}
      propertyPath: m_LocalRotation.z
      value: -0
      objectReference: {fileID: 0}
    - target: {fileID: 400000, guid: b7d62038123024d43ac94ca293ca02ee, type: 3}
      propertyPath: m_LocalRotation.w
      value: 1
      objectReference: {fileID: 0}
    - target: {fileID: 400000, guid: b7d62038123024d43ac94ca293ca02ee, type: 3}
      propertyPath: m_RootOrder
      value: 41
      objectReference: {fileID: 0}
    m_RemovedComponents: []
  m_SourcePrefab: {fileID: 100100000, guid: b7d62038123024d43ac94ca293ca02ee, type: 3}
--- !u!4 &6043951165636497239 stripped
Transform:
  m_CorrespondingSourceObject: {fileID: 400000, guid: b7d62038123024d43ac94ca293ca02ee,
    type: 3}
  m_PrefabInstance: {fileID: 6043951165636629975}
  m_PrefabAsset: {fileID: 0}
--- !u!1001 &6043951165642371150
PrefabInstance:
  m_ObjectHideFlags: 0
  serializedVersion: 2
  m_Modification:
    m_TransformParent: {fileID: 6043951165227365247}
    m_Modifications:
    - target: {fileID: 189998, guid: 8e985daffc5903849981e292f78b2bd7, type: 3}
      propertyPath: m_Name
      value: Floor_bricks1 (9)
      objectReference: {fileID: 0}
    - target: {fileID: 419614, guid: 8e985daffc5903849981e292f78b2bd7, type: 3}
      propertyPath: m_LocalPosition.x
      value: -18.916561
      objectReference: {fileID: 0}
    - target: {fileID: 419614, guid: 8e985daffc5903849981e292f78b2bd7, type: 3}
      propertyPath: m_LocalPosition.y
      value: -2
      objectReference: {fileID: 0}
    - target: {fileID: 419614, guid: 8e985daffc5903849981e292f78b2bd7, type: 3}
      propertyPath: m_LocalPosition.z
      value: -9.431986
      objectReference: {fileID: 0}
    - target: {fileID: 419614, guid: 8e985daffc5903849981e292f78b2bd7, type: 3}
      propertyPath: m_LocalRotation.x
      value: -0
      objectReference: {fileID: 0}
    - target: {fileID: 419614, guid: 8e985daffc5903849981e292f78b2bd7, type: 3}
      propertyPath: m_LocalRotation.y
      value: -0
      objectReference: {fileID: 0}
    - target: {fileID: 419614, guid: 8e985daffc5903849981e292f78b2bd7, type: 3}
      propertyPath: m_LocalRotation.z
      value: -0
      objectReference: {fileID: 0}
    - target: {fileID: 419614, guid: 8e985daffc5903849981e292f78b2bd7, type: 3}
      propertyPath: m_LocalRotation.w
      value: 1
      objectReference: {fileID: 0}
    - target: {fileID: 419614, guid: 8e985daffc5903849981e292f78b2bd7, type: 3}
      propertyPath: m_RootOrder
      value: 20
      objectReference: {fileID: 0}
    m_RemovedComponents: []
  m_SourcePrefab: {fileID: 100100000, guid: 8e985daffc5903849981e292f78b2bd7, type: 3}
--- !u!4 &6043951165642479440 stripped
Transform:
  m_CorrespondingSourceObject: {fileID: 419614, guid: 8e985daffc5903849981e292f78b2bd7,
    type: 3}
  m_PrefabInstance: {fileID: 6043951165642371150}
  m_PrefabAsset: {fileID: 0}
--- !u!1001 &6043951165702294651
PrefabInstance:
  m_ObjectHideFlags: 0
  serializedVersion: 2
  m_Modification:
    m_TransformParent: {fileID: 6043951165227365247}
    m_Modifications:
    - target: {fileID: 100000, guid: 20c90fd4e199fa84590eb46fca20af85, type: 3}
      propertyPath: m_Name
      value: column_top_3 (3)
      objectReference: {fileID: 0}
    - target: {fileID: 400000, guid: 20c90fd4e199fa84590eb46fca20af85, type: 3}
      propertyPath: m_LocalPosition.x
      value: -17.220001
      objectReference: {fileID: 0}
    - target: {fileID: 400000, guid: 20c90fd4e199fa84590eb46fca20af85, type: 3}
      propertyPath: m_LocalPosition.y
      value: -2
      objectReference: {fileID: 0}
    - target: {fileID: 400000, guid: 20c90fd4e199fa84590eb46fca20af85, type: 3}
      propertyPath: m_LocalPosition.z
      value: -13
      objectReference: {fileID: 0}
    - target: {fileID: 400000, guid: 20c90fd4e199fa84590eb46fca20af85, type: 3}
      propertyPath: m_LocalRotation.x
      value: 0
      objectReference: {fileID: 0}
    - target: {fileID: 400000, guid: 20c90fd4e199fa84590eb46fca20af85, type: 3}
      propertyPath: m_LocalRotation.y
      value: -0.7071068
      objectReference: {fileID: 0}
    - target: {fileID: 400000, guid: 20c90fd4e199fa84590eb46fca20af85, type: 3}
      propertyPath: m_LocalRotation.z
      value: -0
      objectReference: {fileID: 0}
    - target: {fileID: 400000, guid: 20c90fd4e199fa84590eb46fca20af85, type: 3}
      propertyPath: m_LocalRotation.w
      value: 0.7071068
      objectReference: {fileID: 0}
    - target: {fileID: 400000, guid: 20c90fd4e199fa84590eb46fca20af85, type: 3}
      propertyPath: m_RootOrder
      value: 22
      objectReference: {fileID: 0}
    m_RemovedComponents: []
  m_SourcePrefab: {fileID: 100100000, guid: 20c90fd4e199fa84590eb46fca20af85, type: 3}
--- !u!4 &6043951165701904123 stripped
Transform:
  m_CorrespondingSourceObject: {fileID: 400000, guid: 20c90fd4e199fa84590eb46fca20af85,
    type: 3}
  m_PrefabInstance: {fileID: 6043951165702294651}
  m_PrefabAsset: {fileID: 0}
--- !u!1001 &6043951165704441455
PrefabInstance:
  m_ObjectHideFlags: 0
  serializedVersion: 2
  m_Modification:
    m_TransformParent: {fileID: 6043951165227365247}
    m_Modifications:
    - target: {fileID: 109144, guid: d461ceb1af4d6f943962b22033dc2316, type: 3}
      propertyPath: m_Name
      value: wall_14a 16 (9)
      objectReference: {fileID: 0}
    - target: {fileID: 493358, guid: d461ceb1af4d6f943962b22033dc2316, type: 3}
      propertyPath: m_LocalPosition.x
      value: -22.220001
      objectReference: {fileID: 0}
    - target: {fileID: 493358, guid: d461ceb1af4d6f943962b22033dc2316, type: 3}
      propertyPath: m_LocalPosition.y
      value: -6
      objectReference: {fileID: 0}
    - target: {fileID: 493358, guid: d461ceb1af4d6f943962b22033dc2316, type: 3}
      propertyPath: m_LocalPosition.z
      value: -9
      objectReference: {fileID: 0}
    - target: {fileID: 493358, guid: d461ceb1af4d6f943962b22033dc2316, type: 3}
      propertyPath: m_LocalRotation.x
      value: -0
      objectReference: {fileID: 0}
    - target: {fileID: 493358, guid: d461ceb1af4d6f943962b22033dc2316, type: 3}
      propertyPath: m_LocalRotation.y
      value: 1
      objectReference: {fileID: 0}
    - target: {fileID: 493358, guid: d461ceb1af4d6f943962b22033dc2316, type: 3}
      propertyPath: m_LocalRotation.z
      value: -0
      objectReference: {fileID: 0}
    - target: {fileID: 493358, guid: d461ceb1af4d6f943962b22033dc2316, type: 3}
      propertyPath: m_LocalRotation.w
      value: -0.00000016292068
      objectReference: {fileID: 0}
    - target: {fileID: 493358, guid: d461ceb1af4d6f943962b22033dc2316, type: 3}
      propertyPath: m_RootOrder
      value: 23
      objectReference: {fileID: 0}
    m_RemovedComponents: []
  m_SourcePrefab: {fileID: 100100000, guid: d461ceb1af4d6f943962b22033dc2316, type: 3}
--- !u!4 &6043951165704014145 stripped
Transform:
  m_CorrespondingSourceObject: {fileID: 493358, guid: d461ceb1af4d6f943962b22033dc2316,
    type: 3}
  m_PrefabInstance: {fileID: 6043951165704441455}
  m_PrefabAsset: {fileID: 0}
--- !u!1001 &6043951165711251801
PrefabInstance:
  m_ObjectHideFlags: 0
  serializedVersion: 2
  m_Modification:
    m_TransformParent: {fileID: 6043951165227365247}
    m_Modifications:
    - target: {fileID: 151238, guid: 0bbf7f386d7ddce40a533c0f56c51130, type: 3}
      propertyPath: m_Name
      value: wall_top_5 (11)
      objectReference: {fileID: 0}
    - target: {fileID: 466106, guid: 0bbf7f386d7ddce40a533c0f56c51130, type: 3}
      propertyPath: m_LocalPosition.x
      value: -20.220001
      objectReference: {fileID: 0}
    - target: {fileID: 466106, guid: 0bbf7f386d7ddce40a533c0f56c51130, type: 3}
      propertyPath: m_LocalPosition.y
      value: -2.22
      objectReference: {fileID: 0}
    - target: {fileID: 466106, guid: 0bbf7f386d7ddce40a533c0f56c51130, type: 3}
      propertyPath: m_LocalPosition.z
      value: -11
      objectReference: {fileID: 0}
    - target: {fileID: 466106, guid: 0bbf7f386d7ddce40a533c0f56c51130, type: 3}
      propertyPath: m_LocalRotation.x
      value: -0
      objectReference: {fileID: 0}
    - target: {fileID: 466106, guid: 0bbf7f386d7ddce40a533c0f56c51130, type: 3}
      propertyPath: m_LocalRotation.y
      value: 0.7071068
      objectReference: {fileID: 0}
    - target: {fileID: 466106, guid: 0bbf7f386d7ddce40a533c0f56c51130, type: 3}
      propertyPath: m_LocalRotation.z
      value: -0
      objectReference: {fileID: 0}
    - target: {fileID: 466106, guid: 0bbf7f386d7ddce40a533c0f56c51130, type: 3}
      propertyPath: m_LocalRotation.w
      value: 0.7071067
      objectReference: {fileID: 0}
    - target: {fileID: 466106, guid: 0bbf7f386d7ddce40a533c0f56c51130, type: 3}
      propertyPath: m_RootOrder
      value: 29
      objectReference: {fileID: 0}
    m_RemovedComponents: []
  m_SourcePrefab: {fileID: 100100000, guid: 0bbf7f386d7ddce40a533c0f56c51130, type: 3}
--- !u!4 &6043951165710919139 stripped
Transform:
  m_CorrespondingSourceObject: {fileID: 466106, guid: 0bbf7f386d7ddce40a533c0f56c51130,
    type: 3}
  m_PrefabInstance: {fileID: 6043951165711251801}
  m_PrefabAsset: {fileID: 0}
--- !u!1001 &6043951165788137021
PrefabInstance:
  m_ObjectHideFlags: 0
  serializedVersion: 2
  m_Modification:
    m_TransformParent: {fileID: 6043951165227365247}
    m_Modifications:
    - target: {fileID: 134556, guid: 7a03fc7842090c7489fc57aa733689be, type: 3}
      propertyPath: m_Name
      value: wall_43 (1)
      objectReference: {fileID: 0}
    - target: {fileID: 424402, guid: 7a03fc7842090c7489fc57aa733689be, type: 3}
      propertyPath: m_LocalPosition.x
      value: -21.220001
      objectReference: {fileID: 0}
    - target: {fileID: 424402, guid: 7a03fc7842090c7489fc57aa733689be, type: 3}
      propertyPath: m_LocalPosition.y
      value: -6
      objectReference: {fileID: 0}
    - target: {fileID: 424402, guid: 7a03fc7842090c7489fc57aa733689be, type: 3}
      propertyPath: m_LocalPosition.z
      value: -11
      objectReference: {fileID: 0}
    - target: {fileID: 424402, guid: 7a03fc7842090c7489fc57aa733689be, type: 3}
      propertyPath: m_LocalRotation.x
      value: -0
      objectReference: {fileID: 0}
    - target: {fileID: 424402, guid: 7a03fc7842090c7489fc57aa733689be, type: 3}
      propertyPath: m_LocalRotation.y
      value: 1
      objectReference: {fileID: 0}
    - target: {fileID: 424402, guid: 7a03fc7842090c7489fc57aa733689be, type: 3}
      propertyPath: m_LocalRotation.z
      value: -0
      objectReference: {fileID: 0}
    - target: {fileID: 424402, guid: 7a03fc7842090c7489fc57aa733689be, type: 3}
      propertyPath: m_LocalRotation.w
      value: -0.00000016292068
      objectReference: {fileID: 0}
    - target: {fileID: 424402, guid: 7a03fc7842090c7489fc57aa733689be, type: 3}
      propertyPath: m_RootOrder
      value: 36
      objectReference: {fileID: 0}
    m_RemovedComponents: []
  m_SourcePrefab: {fileID: 100100000, guid: 7a03fc7842090c7489fc57aa733689be, type: 3}
--- !u!4 &6043951165788020719 stripped
Transform:
  m_CorrespondingSourceObject: {fileID: 424402, guid: 7a03fc7842090c7489fc57aa733689be,
    type: 3}
  m_PrefabInstance: {fileID: 6043951165788137021}
  m_PrefabAsset: {fileID: 0}
--- !u!1001 &6043951165814479430
PrefabInstance:
  m_ObjectHideFlags: 0
  serializedVersion: 2
  m_Modification:
    m_TransformParent: {fileID: 6043951165227365247}
    m_Modifications:
    - target: {fileID: 109144, guid: d461ceb1af4d6f943962b22033dc2316, type: 3}
      propertyPath: m_Name
      value: wall_14a 16 (4)
      objectReference: {fileID: 0}
    - target: {fileID: 493358, guid: d461ceb1af4d6f943962b22033dc2316, type: 3}
      propertyPath: m_LocalPosition.x
      value: -15.220001
      objectReference: {fileID: 0}
    - target: {fileID: 493358, guid: d461ceb1af4d6f943962b22033dc2316, type: 3}
      propertyPath: m_LocalPosition.y
      value: -6
      objectReference: {fileID: 0}
    - target: {fileID: 493358, guid: d461ceb1af4d6f943962b22033dc2316, type: 3}
      propertyPath: m_LocalPosition.z
      value: -8
      objectReference: {fileID: 0}
    - target: {fileID: 493358, guid: d461ceb1af4d6f943962b22033dc2316, type: 3}
      propertyPath: m_LocalRotation.x
      value: 0
      objectReference: {fileID: 0}
    - target: {fileID: 493358, guid: d461ceb1af4d6f943962b22033dc2316, type: 3}
      propertyPath: m_LocalRotation.y
      value: -0.7071068
      objectReference: {fileID: 0}
    - target: {fileID: 493358, guid: d461ceb1af4d6f943962b22033dc2316, type: 3}
      propertyPath: m_LocalRotation.z
      value: -0
      objectReference: {fileID: 0}
    - target: {fileID: 493358, guid: d461ceb1af4d6f943962b22033dc2316, type: 3}
      propertyPath: m_LocalRotation.w
      value: 0.7071067
      objectReference: {fileID: 0}
    - target: {fileID: 493358, guid: d461ceb1af4d6f943962b22033dc2316, type: 3}
      propertyPath: m_RootOrder
      value: 18
      objectReference: {fileID: 0}
    m_RemovedComponents: []
  m_SourcePrefab: {fileID: 100100000, guid: d461ceb1af4d6f943962b22033dc2316, type: 3}
--- !u!4 &6043951165814185320 stripped
Transform:
  m_CorrespondingSourceObject: {fileID: 493358, guid: d461ceb1af4d6f943962b22033dc2316,
    type: 3}
  m_PrefabInstance: {fileID: 6043951165814479430}
  m_PrefabAsset: {fileID: 0}
--- !u!1001 &6043951165825875952
PrefabInstance:
  m_ObjectHideFlags: 0
  serializedVersion: 2
  m_Modification:
    m_TransformParent: {fileID: 6043951165227365247}
    m_Modifications:
    - target: {fileID: 109144, guid: d461ceb1af4d6f943962b22033dc2316, type: 3}
      propertyPath: m_Name
      value: wall_14a 16 (7)
      objectReference: {fileID: 0}
    - target: {fileID: 493358, guid: d461ceb1af4d6f943962b22033dc2316, type: 3}
      propertyPath: m_LocalPosition.x
      value: -19.220001
      objectReference: {fileID: 0}
    - target: {fileID: 493358, guid: d461ceb1af4d6f943962b22033dc2316, type: 3}
      propertyPath: m_LocalPosition.y
      value: -6
      objectReference: {fileID: 0}
    - target: {fileID: 493358, guid: d461ceb1af4d6f943962b22033dc2316, type: 3}
      propertyPath: m_LocalPosition.z
      value: -8
      objectReference: {fileID: 0}
    - target: {fileID: 493358, guid: d461ceb1af4d6f943962b22033dc2316, type: 3}
      propertyPath: m_LocalRotation.x
      value: -0
      objectReference: {fileID: 0}
    - target: {fileID: 493358, guid: d461ceb1af4d6f943962b22033dc2316, type: 3}
      propertyPath: m_LocalRotation.y
      value: 0.7071068
      objectReference: {fileID: 0}
    - target: {fileID: 493358, guid: d461ceb1af4d6f943962b22033dc2316, type: 3}
      propertyPath: m_LocalRotation.z
      value: -0
      objectReference: {fileID: 0}
    - target: {fileID: 493358, guid: d461ceb1af4d6f943962b22033dc2316, type: 3}
      propertyPath: m_LocalRotation.w
      value: 0.7071067
      objectReference: {fileID: 0}
    - target: {fileID: 493358, guid: d461ceb1af4d6f943962b22033dc2316, type: 3}
      propertyPath: m_RootOrder
      value: 19
      objectReference: {fileID: 0}
    m_RemovedComponents: []
  m_SourcePrefab: {fileID: 100100000, guid: d461ceb1af4d6f943962b22033dc2316, type: 3}
--- !u!4 &6043951165825906910 stripped
Transform:
  m_CorrespondingSourceObject: {fileID: 493358, guid: d461ceb1af4d6f943962b22033dc2316,
    type: 3}
  m_PrefabInstance: {fileID: 6043951165825875952}
  m_PrefabAsset: {fileID: 0}
--- !u!1001 &6043951165913843384
PrefabInstance:
  m_ObjectHideFlags: 0
  serializedVersion: 2
  m_Modification:
    m_TransformParent: {fileID: 6043951165227365247}
    m_Modifications:
    - target: {fileID: 100000, guid: 7487e5e4c7555e34aa94609e2b1825f5, type: 3}
      propertyPath: m_Name
      value: floor_17 (4)
      objectReference: {fileID: 0}
    - target: {fileID: 400000, guid: 7487e5e4c7555e34aa94609e2b1825f5, type: 3}
      propertyPath: m_LocalPosition.x
      value: -18.220001
      objectReference: {fileID: 0}
    - target: {fileID: 400000, guid: 7487e5e4c7555e34aa94609e2b1825f5, type: 3}
      propertyPath: m_LocalPosition.y
      value: -2
      objectReference: {fileID: 0}
    - target: {fileID: 400000, guid: 7487e5e4c7555e34aa94609e2b1825f5, type: 3}
      propertyPath: m_LocalPosition.z
      value: -8
      objectReference: {fileID: 0}
    - target: {fileID: 400000, guid: 7487e5e4c7555e34aa94609e2b1825f5, type: 3}
      propertyPath: m_LocalRotation.x
      value: -0
      objectReference: {fileID: 0}
    - target: {fileID: 400000, guid: 7487e5e4c7555e34aa94609e2b1825f5, type: 3}
      propertyPath: m_LocalRotation.y
      value: -0
      objectReference: {fileID: 0}
    - target: {fileID: 400000, guid: 7487e5e4c7555e34aa94609e2b1825f5, type: 3}
      propertyPath: m_LocalRotation.z
      value: -0
      objectReference: {fileID: 0}
    - target: {fileID: 400000, guid: 7487e5e4c7555e34aa94609e2b1825f5, type: 3}
      propertyPath: m_LocalRotation.w
      value: 1
      objectReference: {fileID: 0}
    - target: {fileID: 400000, guid: 7487e5e4c7555e34aa94609e2b1825f5, type: 3}
      propertyPath: m_RootOrder
      value: 16
      objectReference: {fileID: 0}
    m_RemovedComponents: []
  m_SourcePrefab: {fileID: 100100000, guid: 7487e5e4c7555e34aa94609e2b1825f5, type: 3}
--- !u!4 &6043951165913979960 stripped
Transform:
  m_CorrespondingSourceObject: {fileID: 400000, guid: 7487e5e4c7555e34aa94609e2b1825f5,
    type: 3}
  m_PrefabInstance: {fileID: 6043951165913843384}
  m_PrefabAsset: {fileID: 0}
--- !u!1001 &6043951165929498012
PrefabInstance:
  m_ObjectHideFlags: 0
  serializedVersion: 2
  m_Modification:
    m_TransformParent: {fileID: 6043951165227365247}
    m_Modifications:
    - target: {fileID: 109144, guid: d461ceb1af4d6f943962b22033dc2316, type: 3}
      propertyPath: m_Name
      value: wall_14a 16 (2)
      objectReference: {fileID: 0}
    - target: {fileID: 493358, guid: d461ceb1af4d6f943962b22033dc2316, type: 3}
      propertyPath: m_LocalPosition.x
      value: -15.220001
      objectReference: {fileID: 0}
    - target: {fileID: 493358, guid: d461ceb1af4d6f943962b22033dc2316, type: 3}
      propertyPath: m_LocalPosition.y
      value: -6
      objectReference: {fileID: 0}
    - target: {fileID: 493358, guid: d461ceb1af4d6f943962b22033dc2316, type: 3}
      propertyPath: m_LocalPosition.z
      value: -12
      objectReference: {fileID: 0}
    - target: {fileID: 493358, guid: d461ceb1af4d6f943962b22033dc2316, type: 3}
      propertyPath: m_LocalRotation.x
      value: 0
      objectReference: {fileID: 0}
    - target: {fileID: 493358, guid: d461ceb1af4d6f943962b22033dc2316, type: 3}
      propertyPath: m_LocalRotation.y
      value: -0.7071068
      objectReference: {fileID: 0}
    - target: {fileID: 493358, guid: d461ceb1af4d6f943962b22033dc2316, type: 3}
      propertyPath: m_LocalRotation.z
      value: -0
      objectReference: {fileID: 0}
    - target: {fileID: 493358, guid: d461ceb1af4d6f943962b22033dc2316, type: 3}
      propertyPath: m_LocalRotation.w
      value: 0.7071067
      objectReference: {fileID: 0}
    - target: {fileID: 493358, guid: d461ceb1af4d6f943962b22033dc2316, type: 3}
      propertyPath: m_RootOrder
      value: 17
      objectReference: {fileID: 0}
    m_RemovedComponents: []
  m_SourcePrefab: {fileID: 100100000, guid: d461ceb1af4d6f943962b22033dc2316, type: 3}
--- !u!4 &6043951165929857714 stripped
Transform:
  m_CorrespondingSourceObject: {fileID: 493358, guid: d461ceb1af4d6f943962b22033dc2316,
    type: 3}
  m_PrefabInstance: {fileID: 6043951165929498012}
  m_PrefabAsset: {fileID: 0}
--- !u!1001 &6043951166019566729
PrefabInstance:
  m_ObjectHideFlags: 0
  serializedVersion: 2
  m_Modification:
    m_TransformParent: {fileID: 6043951165227365247}
    m_Modifications:
    - target: {fileID: 109144, guid: d461ceb1af4d6f943962b22033dc2316, type: 3}
      propertyPath: m_Name
      value: wall_14a 15 (1)
      objectReference: {fileID: 0}
    - target: {fileID: 493358, guid: d461ceb1af4d6f943962b22033dc2316, type: 3}
      propertyPath: m_LocalPosition.x
      value: -18.220001
      objectReference: {fileID: 0}
    - target: {fileID: 493358, guid: d461ceb1af4d6f943962b22033dc2316, type: 3}
      propertyPath: m_LocalPosition.y
      value: -6
      objectReference: {fileID: 0}
    - target: {fileID: 493358, guid: d461ceb1af4d6f943962b22033dc2316, type: 3}
      propertyPath: m_LocalPosition.z
      value: -13
      objectReference: {fileID: 0}
    - target: {fileID: 493358, guid: d461ceb1af4d6f943962b22033dc2316, type: 3}
      propertyPath: m_LocalRotation.x
      value: -0
      objectReference: {fileID: 0}
    - target: {fileID: 493358, guid: d461ceb1af4d6f943962b22033dc2316, type: 3}
      propertyPath: m_LocalRotation.y
      value: -0
      objectReference: {fileID: 0}
    - target: {fileID: 493358, guid: d461ceb1af4d6f943962b22033dc2316, type: 3}
      propertyPath: m_LocalRotation.z
      value: -0
      objectReference: {fileID: 0}
    - target: {fileID: 493358, guid: d461ceb1af4d6f943962b22033dc2316, type: 3}
      propertyPath: m_LocalRotation.w
      value: 1
      objectReference: {fileID: 0}
    - target: {fileID: 493358, guid: d461ceb1af4d6f943962b22033dc2316, type: 3}
      propertyPath: m_RootOrder
      value: 14
      objectReference: {fileID: 0}
    m_RemovedComponents: []
  m_SourcePrefab: {fileID: 100100000, guid: d461ceb1af4d6f943962b22033dc2316, type: 3}
--- !u!4 &6043951166019140519 stripped
Transform:
  m_CorrespondingSourceObject: {fileID: 493358, guid: d461ceb1af4d6f943962b22033dc2316,
    type: 3}
  m_PrefabInstance: {fileID: 6043951166019566729}
  m_PrefabAsset: {fileID: 0}
--- !u!1001 &6043951166034574224
PrefabInstance:
  m_ObjectHideFlags: 0
  serializedVersion: 2
  m_Modification:
    m_TransformParent: {fileID: 6043951165227365247}
    m_Modifications:
    - target: {fileID: 109144, guid: d461ceb1af4d6f943962b22033dc2316, type: 3}
      propertyPath: m_Name
      value: wall_14a 16 (1)
      objectReference: {fileID: 0}
    - target: {fileID: 493358, guid: d461ceb1af4d6f943962b22033dc2316, type: 3}
      propertyPath: m_LocalPosition.x
      value: -16.220001
      objectReference: {fileID: 0}
    - target: {fileID: 493358, guid: d461ceb1af4d6f943962b22033dc2316, type: 3}
      propertyPath: m_LocalPosition.y
      value: -6
      objectReference: {fileID: 0}
    - target: {fileID: 493358, guid: d461ceb1af4d6f943962b22033dc2316, type: 3}
      propertyPath: m_LocalPosition.z
      value: -13
      objectReference: {fileID: 0}
    - target: {fileID: 493358, guid: d461ceb1af4d6f943962b22033dc2316, type: 3}
      propertyPath: m_LocalRotation.x
      value: -0
      objectReference: {fileID: 0}
    - target: {fileID: 493358, guid: d461ceb1af4d6f943962b22033dc2316, type: 3}
      propertyPath: m_LocalRotation.y
      value: -0
      objectReference: {fileID: 0}
    - target: {fileID: 493358, guid: d461ceb1af4d6f943962b22033dc2316, type: 3}
      propertyPath: m_LocalRotation.z
      value: -0
      objectReference: {fileID: 0}
    - target: {fileID: 493358, guid: d461ceb1af4d6f943962b22033dc2316, type: 3}
      propertyPath: m_LocalRotation.w
      value: 1
      objectReference: {fileID: 0}
    - target: {fileID: 493358, guid: d461ceb1af4d6f943962b22033dc2316, type: 3}
      propertyPath: m_RootOrder
      value: 28
      objectReference: {fileID: 0}
    m_RemovedComponents: []
  m_SourcePrefab: {fileID: 100100000, guid: d461ceb1af4d6f943962b22033dc2316, type: 3}
--- !u!4 &6043951166034541758 stripped
Transform:
  m_CorrespondingSourceObject: {fileID: 493358, guid: d461ceb1af4d6f943962b22033dc2316,
    type: 3}
  m_PrefabInstance: {fileID: 6043951166034574224}
  m_PrefabAsset: {fileID: 0}
--- !u!1001 &6043951166043876083
PrefabInstance:
  m_ObjectHideFlags: 0
  serializedVersion: 2
  m_Modification:
    m_TransformParent: {fileID: 6043951165227365247}
    m_Modifications:
    - target: {fileID: 100000, guid: 20c90fd4e199fa84590eb46fca20af85, type: 3}
      propertyPath: m_Name
      value: column_top_3 (9)
      objectReference: {fileID: 0}
    - target: {fileID: 400000, guid: 20c90fd4e199fa84590eb46fca20af85, type: 3}
      propertyPath: m_LocalPosition.x
      value: -15.220001
      objectReference: {fileID: 0}
    - target: {fileID: 400000, guid: 20c90fd4e199fa84590eb46fca20af85, type: 3}
      propertyPath: m_LocalPosition.y
      value: -2
      objectReference: {fileID: 0}
    - target: {fileID: 400000, guid: 20c90fd4e199fa84590eb46fca20af85, type: 3}
      propertyPath: m_LocalPosition.z
      value: -9
      objectReference: {fileID: 0}
    - target: {fileID: 400000, guid: 20c90fd4e199fa84590eb46fca20af85, type: 3}
      propertyPath: m_LocalRotation.x
      value: 0
      objectReference: {fileID: 0}
    - target: {fileID: 400000, guid: 20c90fd4e199fa84590eb46fca20af85, type: 3}
      propertyPath: m_LocalRotation.y
      value: -0.7071068
      objectReference: {fileID: 0}
    - target: {fileID: 400000, guid: 20c90fd4e199fa84590eb46fca20af85, type: 3}
      propertyPath: m_LocalRotation.z
      value: -0
      objectReference: {fileID: 0}
    - target: {fileID: 400000, guid: 20c90fd4e199fa84590eb46fca20af85, type: 3}
      propertyPath: m_LocalRotation.w
      value: 0.7071068
      objectReference: {fileID: 0}
    - target: {fileID: 400000, guid: 20c90fd4e199fa84590eb46fca20af85, type: 3}
      propertyPath: m_RootOrder
      value: 15
      objectReference: {fileID: 0}
    m_RemovedComponents: []
  m_SourcePrefab: {fileID: 100100000, guid: 20c90fd4e199fa84590eb46fca20af85, type: 3}
--- !u!4 &6043951166044008563 stripped
Transform:
  m_CorrespondingSourceObject: {fileID: 400000, guid: 20c90fd4e199fa84590eb46fca20af85,
    type: 3}
  m_PrefabInstance: {fileID: 6043951166043876083}
  m_PrefabAsset: {fileID: 0}
--- !u!1001 &6043951166132119685
PrefabInstance:
  m_ObjectHideFlags: 0
  serializedVersion: 2
  m_Modification:
    m_TransformParent: {fileID: 6043951165227365247}
    m_Modifications:
    - target: {fileID: 100000, guid: 20c90fd4e199fa84590eb46fca20af85, type: 3}
      propertyPath: m_Name
      value: column_top_3 (12)
      objectReference: {fileID: 0}
    - target: {fileID: 400000, guid: 20c90fd4e199fa84590eb46fca20af85, type: 3}
      propertyPath: m_LocalPosition.x
      value: -19.220001
      objectReference: {fileID: 0}
    - target: {fileID: 400000, guid: 20c90fd4e199fa84590eb46fca20af85, type: 3}
      propertyPath: m_LocalPosition.y
      value: -2
      objectReference: {fileID: 0}
    - target: {fileID: 400000, guid: 20c90fd4e199fa84590eb46fca20af85, type: 3}
      propertyPath: m_LocalPosition.z
      value: -11
      objectReference: {fileID: 0}
    - target: {fileID: 400000, guid: 20c90fd4e199fa84590eb46fca20af85, type: 3}
      propertyPath: m_LocalRotation.x
      value: 0
      objectReference: {fileID: 0}
    - target: {fileID: 400000, guid: 20c90fd4e199fa84590eb46fca20af85, type: 3}
      propertyPath: m_LocalRotation.y
      value: -0.7071068
      objectReference: {fileID: 0}
    - target: {fileID: 400000, guid: 20c90fd4e199fa84590eb46fca20af85, type: 3}
      propertyPath: m_LocalRotation.z
      value: -0
      objectReference: {fileID: 0}
    - target: {fileID: 400000, guid: 20c90fd4e199fa84590eb46fca20af85, type: 3}
      propertyPath: m_LocalRotation.w
      value: 0.7071068
      objectReference: {fileID: 0}
    - target: {fileID: 400000, guid: 20c90fd4e199fa84590eb46fca20af85, type: 3}
      propertyPath: m_RootOrder
      value: 12
      objectReference: {fileID: 0}
    m_RemovedComponents: []
  m_SourcePrefab: {fileID: 100100000, guid: 20c90fd4e199fa84590eb46fca20af85, type: 3}
--- !u!4 &6043951166131991045 stripped
Transform:
  m_CorrespondingSourceObject: {fileID: 400000, guid: 20c90fd4e199fa84590eb46fca20af85,
    type: 3}
  m_PrefabInstance: {fileID: 6043951166132119685}
  m_PrefabAsset: {fileID: 0}
--- !u!1001 &6043951166156770370
PrefabInstance:
  m_ObjectHideFlags: 0
  serializedVersion: 2
  m_Modification:
    m_TransformParent: {fileID: 6043951165227365247}
    m_Modifications:
    - target: {fileID: 193372, guid: 96ad3eb625d1c8544984477be84218a2, type: 3}
      propertyPath: m_Name
      value: floor_1D (5)
      objectReference: {fileID: 0}
    - target: {fileID: 404118, guid: 96ad3eb625d1c8544984477be84218a2, type: 3}
      propertyPath: m_LocalPosition.x
      value: -20.220001
      objectReference: {fileID: 0}
    - target: {fileID: 404118, guid: 96ad3eb625d1c8544984477be84218a2, type: 3}
      propertyPath: m_LocalPosition.y
      value: -2
      objectReference: {fileID: 0}
    - target: {fileID: 404118, guid: 96ad3eb625d1c8544984477be84218a2, type: 3}
      propertyPath: m_LocalPosition.z
      value: -10
      objectReference: {fileID: 0}
    - target: {fileID: 404118, guid: 96ad3eb625d1c8544984477be84218a2, type: 3}
      propertyPath: m_LocalRotation.x
      value: -0
      objectReference: {fileID: 0}
    - target: {fileID: 404118, guid: 96ad3eb625d1c8544984477be84218a2, type: 3}
      propertyPath: m_LocalRotation.y
      value: -0
      objectReference: {fileID: 0}
    - target: {fileID: 404118, guid: 96ad3eb625d1c8544984477be84218a2, type: 3}
      propertyPath: m_LocalRotation.z
      value: -0
      objectReference: {fileID: 0}
    - target: {fileID: 404118, guid: 96ad3eb625d1c8544984477be84218a2, type: 3}
      propertyPath: m_LocalRotation.w
      value: 1
      objectReference: {fileID: 0}
    - target: {fileID: 404118, guid: 96ad3eb625d1c8544984477be84218a2, type: 3}
      propertyPath: m_RootOrder
      value: 11
      objectReference: {fileID: 0}
    m_RemovedComponents: []
  m_SourcePrefab: {fileID: 100100000, guid: 96ad3eb625d1c8544984477be84218a2, type: 3}
--- !u!4 &6043951166156646100 stripped
Transform:
  m_CorrespondingSourceObject: {fileID: 404118, guid: 96ad3eb625d1c8544984477be84218a2,
    type: 3}
  m_PrefabInstance: {fileID: 6043951166156770370}
  m_PrefabAsset: {fileID: 0}
--- !u!1001 &6043951166189820796
PrefabInstance:
  m_ObjectHideFlags: 0
  serializedVersion: 2
  m_Modification:
    m_TransformParent: {fileID: 6043951165227365247}
    m_Modifications:
    - target: {fileID: 151238, guid: 0bbf7f386d7ddce40a533c0f56c51130, type: 3}
      propertyPath: m_Name
      value: wall_top_5 (8)
      objectReference: {fileID: 0}
    - target: {fileID: 466106, guid: 0bbf7f386d7ddce40a533c0f56c51130, type: 3}
      propertyPath: m_LocalPosition.x
      value: -16.220001
      objectReference: {fileID: 0}
    - target: {fileID: 466106, guid: 0bbf7f386d7ddce40a533c0f56c51130, type: 3}
      propertyPath: m_LocalPosition.y
      value: -2.22
      objectReference: {fileID: 0}
    - target: {fileID: 466106, guid: 0bbf7f386d7ddce40a533c0f56c51130, type: 3}
      propertyPath: m_LocalPosition.z
      value: -7
      objectReference: {fileID: 0}
    - target: {fileID: 466106, guid: 0bbf7f386d7ddce40a533c0f56c51130, type: 3}
      propertyPath: m_LocalRotation.x
      value: -0
      objectReference: {fileID: 0}
    - target: {fileID: 466106, guid: 0bbf7f386d7ddce40a533c0f56c51130, type: 3}
      propertyPath: m_LocalRotation.y
      value: 0.7071068
      objectReference: {fileID: 0}
    - target: {fileID: 466106, guid: 0bbf7f386d7ddce40a533c0f56c51130, type: 3}
      propertyPath: m_LocalRotation.z
      value: -0
      objectReference: {fileID: 0}
    - target: {fileID: 466106, guid: 0bbf7f386d7ddce40a533c0f56c51130, type: 3}
      propertyPath: m_LocalRotation.w
      value: 0.7071067
      objectReference: {fileID: 0}
    - target: {fileID: 466106, guid: 0bbf7f386d7ddce40a533c0f56c51130, type: 3}
      propertyPath: m_RootOrder
      value: 34
      objectReference: {fileID: 0}
    m_RemovedComponents: []
  m_SourcePrefab: {fileID: 100100000, guid: 0bbf7f386d7ddce40a533c0f56c51130, type: 3}
--- !u!4 &6043951166189619142 stripped
Transform:
  m_CorrespondingSourceObject: {fileID: 466106, guid: 0bbf7f386d7ddce40a533c0f56c51130,
    type: 3}
  m_PrefabInstance: {fileID: 6043951166189820796}
  m_PrefabAsset: {fileID: 0}
--- !u!1001 &6043951166203782386
PrefabInstance:
  m_ObjectHideFlags: 0
  serializedVersion: 2
  m_Modification:
    m_TransformParent: {fileID: 6043951165227365247}
    m_Modifications:
    - target: {fileID: 140786, guid: 4e865cb26b2674348abd094bb4146ac9, type: 3}
      propertyPath: m_Name
      value: floor_1C (4)
      objectReference: {fileID: 0}
    - target: {fileID: 441848, guid: 4e865cb26b2674348abd094bb4146ac9, type: 3}
      propertyPath: m_LocalPosition.x
      value: -18.220001
      objectReference: {fileID: 0}
    - target: {fileID: 441848, guid: 4e865cb26b2674348abd094bb4146ac9, type: 3}
      propertyPath: m_LocalPosition.y
      value: -2
      objectReference: {fileID: 0}
    - target: {fileID: 441848, guid: 4e865cb26b2674348abd094bb4146ac9, type: 3}
      propertyPath: m_LocalPosition.z
      value: -10
      objectReference: {fileID: 0}
    - target: {fileID: 441848, guid: 4e865cb26b2674348abd094bb4146ac9, type: 3}
      propertyPath: m_LocalRotation.x
      value: -0
      objectReference: {fileID: 0}
    - target: {fileID: 441848, guid: 4e865cb26b2674348abd094bb4146ac9, type: 3}
      propertyPath: m_LocalRotation.y
      value: -0
      objectReference: {fileID: 0}
    - target: {fileID: 441848, guid: 4e865cb26b2674348abd094bb4146ac9, type: 3}
      propertyPath: m_LocalRotation.z
      value: -0
      objectReference: {fileID: 0}
    - target: {fileID: 441848, guid: 4e865cb26b2674348abd094bb4146ac9, type: 3}
      propertyPath: m_LocalRotation.w
      value: 1
      objectReference: {fileID: 0}
    - target: {fileID: 441848, guid: 4e865cb26b2674348abd094bb4146ac9, type: 3}
      propertyPath: m_RootOrder
      value: 13
      objectReference: {fileID: 0}
    m_RemovedComponents: []
  m_SourcePrefab: {fileID: 100100000, guid: 4e865cb26b2674348abd094bb4146ac9, type: 3}
--- !u!4 &6043951166203943178 stripped
Transform:
  m_CorrespondingSourceObject: {fileID: 441848, guid: 4e865cb26b2674348abd094bb4146ac9,
    type: 3}
  m_PrefabInstance: {fileID: 6043951166203782386}
  m_PrefabAsset: {fileID: 0}
--- !u!1001 &6043951166276565191
PrefabInstance:
  m_ObjectHideFlags: 0
  serializedVersion: 2
  m_Modification:
    m_TransformParent: {fileID: 6043951165227365247}
    m_Modifications:
    - target: {fileID: 100000, guid: 7487e5e4c7555e34aa94609e2b1825f5, type: 3}
      propertyPath: m_Name
      value: floor_17 (6)
      objectReference: {fileID: 0}
    - target: {fileID: 400000, guid: 7487e5e4c7555e34aa94609e2b1825f5, type: 3}
      propertyPath: m_LocalPosition.x
      value: -16.220001
      objectReference: {fileID: 0}
    - target: {fileID: 400000, guid: 7487e5e4c7555e34aa94609e2b1825f5, type: 3}
      propertyPath: m_LocalPosition.y
      value: -2
      objectReference: {fileID: 0}
    - target: {fileID: 400000, guid: 7487e5e4c7555e34aa94609e2b1825f5, type: 3}
      propertyPath: m_LocalPosition.z
      value: -10
      objectReference: {fileID: 0}
    - target: {fileID: 400000, guid: 7487e5e4c7555e34aa94609e2b1825f5, type: 3}
      propertyPath: m_LocalRotation.x
      value: -0
      objectReference: {fileID: 0}
    - target: {fileID: 400000, guid: 7487e5e4c7555e34aa94609e2b1825f5, type: 3}
      propertyPath: m_LocalRotation.y
      value: -0
      objectReference: {fileID: 0}
    - target: {fileID: 400000, guid: 7487e5e4c7555e34aa94609e2b1825f5, type: 3}
      propertyPath: m_LocalRotation.z
      value: -0
      objectReference: {fileID: 0}
    - target: {fileID: 400000, guid: 7487e5e4c7555e34aa94609e2b1825f5, type: 3}
      propertyPath: m_LocalRotation.w
      value: 1
      objectReference: {fileID: 0}
    - target: {fileID: 400000, guid: 7487e5e4c7555e34aa94609e2b1825f5, type: 3}
      propertyPath: m_RootOrder
      value: 26
      objectReference: {fileID: 0}
    m_RemovedComponents: []
  m_SourcePrefab: {fileID: 100100000, guid: 7487e5e4c7555e34aa94609e2b1825f5, type: 3}
--- !u!4 &6043951166276952647 stripped
Transform:
  m_CorrespondingSourceObject: {fileID: 400000, guid: 7487e5e4c7555e34aa94609e2b1825f5,
    type: 3}
  m_PrefabInstance: {fileID: 6043951166276565191}
  m_PrefabAsset: {fileID: 0}
--- !u!1001 &6043951166280966432
PrefabInstance:
  m_ObjectHideFlags: 0
  serializedVersion: 2
  m_Modification:
    m_TransformParent: {fileID: 6043951165227365247}
    m_Modifications:
    - target: {fileID: 151238, guid: 0bbf7f386d7ddce40a533c0f56c51130, type: 3}
      propertyPath: m_Name
      value: wall_top_5 (6)
      objectReference: {fileID: 0}
    - target: {fileID: 466106, guid: 0bbf7f386d7ddce40a533c0f56c51130, type: 3}
      propertyPath: m_LocalPosition.x
      value: -20.220001
      objectReference: {fileID: 0}
    - target: {fileID: 466106, guid: 0bbf7f386d7ddce40a533c0f56c51130, type: 3}
      propertyPath: m_LocalPosition.y
      value: -2.22
      objectReference: {fileID: 0}
    - target: {fileID: 466106, guid: 0bbf7f386d7ddce40a533c0f56c51130, type: 3}
      propertyPath: m_LocalPosition.z
      value: -9
      objectReference: {fileID: 0}
    - target: {fileID: 466106, guid: 0bbf7f386d7ddce40a533c0f56c51130, type: 3}
      propertyPath: m_LocalRotation.x
      value: -0
      objectReference: {fileID: 0}
    - target: {fileID: 466106, guid: 0bbf7f386d7ddce40a533c0f56c51130, type: 3}
      propertyPath: m_LocalRotation.y
      value: 0.7071068
      objectReference: {fileID: 0}
    - target: {fileID: 466106, guid: 0bbf7f386d7ddce40a533c0f56c51130, type: 3}
      propertyPath: m_LocalRotation.z
      value: -0
      objectReference: {fileID: 0}
    - target: {fileID: 466106, guid: 0bbf7f386d7ddce40a533c0f56c51130, type: 3}
      propertyPath: m_LocalRotation.w
      value: 0.7071067
      objectReference: {fileID: 0}
    - target: {fileID: 466106, guid: 0bbf7f386d7ddce40a533c0f56c51130, type: 3}
      propertyPath: m_RootOrder
      value: 39
      objectReference: {fileID: 0}
    m_RemovedComponents: []
  m_SourcePrefab: {fileID: 100100000, guid: 0bbf7f386d7ddce40a533c0f56c51130, type: 3}
--- !u!4 &6043951166280908186 stripped
Transform:
  m_CorrespondingSourceObject: {fileID: 466106, guid: 0bbf7f386d7ddce40a533c0f56c51130,
    type: 3}
  m_PrefabInstance: {fileID: 6043951166280966432}
  m_PrefabAsset: {fileID: 0}
--- !u!1001 &6043951166299639129
PrefabInstance:
  m_ObjectHideFlags: 0
  serializedVersion: 2
  m_Modification:
    m_TransformParent: {fileID: 6043951165227365247}
    m_Modifications:
    - target: {fileID: 109144, guid: d461ceb1af4d6f943962b22033dc2316, type: 3}
      propertyPath: m_Name
      value: wall_14a 16 (6)
      objectReference: {fileID: 0}
    - target: {fileID: 493358, guid: d461ceb1af4d6f943962b22033dc2316, type: 3}
      propertyPath: m_LocalPosition.x
      value: -18.220001
      objectReference: {fileID: 0}
    - target: {fileID: 493358, guid: d461ceb1af4d6f943962b22033dc2316, type: 3}
      propertyPath: m_LocalPosition.y
      value: -6
      objectReference: {fileID: 0}
    - target: {fileID: 493358, guid: d461ceb1af4d6f943962b22033dc2316, type: 3}
      propertyPath: m_LocalPosition.z
      value: -7
      objectReference: {fileID: 0}
    - target: {fileID: 493358, guid: d461ceb1af4d6f943962b22033dc2316, type: 3}
      propertyPath: m_LocalRotation.x
      value: -0
      objectReference: {fileID: 0}
    - target: {fileID: 493358, guid: d461ceb1af4d6f943962b22033dc2316, type: 3}
      propertyPath: m_LocalRotation.y
      value: 1
      objectReference: {fileID: 0}
    - target: {fileID: 493358, guid: d461ceb1af4d6f943962b22033dc2316, type: 3}
      propertyPath: m_LocalRotation.z
      value: -0
      objectReference: {fileID: 0}
    - target: {fileID: 493358, guid: d461ceb1af4d6f943962b22033dc2316, type: 3}
      propertyPath: m_LocalRotation.w
      value: -0.00000016292068
      objectReference: {fileID: 0}
    - target: {fileID: 493358, guid: d461ceb1af4d6f943962b22033dc2316, type: 3}
      propertyPath: m_RootOrder
      value: 10
      objectReference: {fileID: 0}
    m_RemovedComponents: []
  m_SourcePrefab: {fileID: 100100000, guid: d461ceb1af4d6f943962b22033dc2316, type: 3}
--- !u!4 &6043951166299998839 stripped
Transform:
  m_CorrespondingSourceObject: {fileID: 493358, guid: d461ceb1af4d6f943962b22033dc2316,
    type: 3}
  m_PrefabInstance: {fileID: 6043951166299639129}
  m_PrefabAsset: {fileID: 0}
--- !u!1001 &6043951166370313806
PrefabInstance:
  m_ObjectHideFlags: 0
  serializedVersion: 2
  m_Modification:
    m_TransformParent: {fileID: 6043951165227365247}
    m_Modifications:
    - target: {fileID: 100000, guid: 7487e5e4c7555e34aa94609e2b1825f5, type: 3}
      propertyPath: m_Name
      value: floor_17 (8)
      objectReference: {fileID: 0}
    - target: {fileID: 400000, guid: 7487e5e4c7555e34aa94609e2b1825f5, type: 3}
      propertyPath: m_LocalPosition.x
      value: -18.220001
      objectReference: {fileID: 0}
    - target: {fileID: 400000, guid: 7487e5e4c7555e34aa94609e2b1825f5, type: 3}
      propertyPath: m_LocalPosition.y
      value: -2
      objectReference: {fileID: 0}
    - target: {fileID: 400000, guid: 7487e5e4c7555e34aa94609e2b1825f5, type: 3}
      propertyPath: m_LocalPosition.z
      value: -12
      objectReference: {fileID: 0}
    - target: {fileID: 400000, guid: 7487e5e4c7555e34aa94609e2b1825f5, type: 3}
      propertyPath: m_LocalRotation.x
      value: -0
      objectReference: {fileID: 0}
    - target: {fileID: 400000, guid: 7487e5e4c7555e34aa94609e2b1825f5, type: 3}
      propertyPath: m_LocalRotation.y
      value: -0
      objectReference: {fileID: 0}
    - target: {fileID: 400000, guid: 7487e5e4c7555e34aa94609e2b1825f5, type: 3}
      propertyPath: m_LocalRotation.z
      value: -0
      objectReference: {fileID: 0}
    - target: {fileID: 400000, guid: 7487e5e4c7555e34aa94609e2b1825f5, type: 3}
      propertyPath: m_LocalRotation.w
      value: 1
      objectReference: {fileID: 0}
    - target: {fileID: 400000, guid: 7487e5e4c7555e34aa94609e2b1825f5, type: 3}
      propertyPath: m_RootOrder
      value: 27
      objectReference: {fileID: 0}
    m_RemovedComponents: []
  m_SourcePrefab: {fileID: 100100000, guid: 7487e5e4c7555e34aa94609e2b1825f5, type: 3}
--- !u!4 &6043951166369918158 stripped
Transform:
  m_CorrespondingSourceObject: {fileID: 400000, guid: 7487e5e4c7555e34aa94609e2b1825f5,
    type: 3}
  m_PrefabInstance: {fileID: 6043951166370313806}
  m_PrefabAsset: {fileID: 0}
--- !u!1001 &6043951166478077043
PrefabInstance:
  m_ObjectHideFlags: 0
  serializedVersion: 2
  m_Modification:
    m_TransformParent: {fileID: 6043951165227365247}
    m_Modifications:
    - target: {fileID: 151238, guid: 0bbf7f386d7ddce40a533c0f56c51130, type: 3}
      propertyPath: m_Name
      value: wall_top_5 (9)
      objectReference: {fileID: 0}
    - target: {fileID: 466106, guid: 0bbf7f386d7ddce40a533c0f56c51130, type: 3}
      propertyPath: m_LocalPosition.x
      value: -16.220001
      objectReference: {fileID: 0}
    - target: {fileID: 466106, guid: 0bbf7f386d7ddce40a533c0f56c51130, type: 3}
      propertyPath: m_LocalPosition.y
      value: -2.22
      objectReference: {fileID: 0}
    - target: {fileID: 466106, guid: 0bbf7f386d7ddce40a533c0f56c51130, type: 3}
      propertyPath: m_LocalPosition.z
      value: -13
      objectReference: {fileID: 0}
    - target: {fileID: 466106, guid: 0bbf7f386d7ddce40a533c0f56c51130, type: 3}
      propertyPath: m_LocalRotation.x
      value: -0
      objectReference: {fileID: 0}
    - target: {fileID: 466106, guid: 0bbf7f386d7ddce40a533c0f56c51130, type: 3}
      propertyPath: m_LocalRotation.y
      value: 0.7071068
      objectReference: {fileID: 0}
    - target: {fileID: 466106, guid: 0bbf7f386d7ddce40a533c0f56c51130, type: 3}
      propertyPath: m_LocalRotation.z
      value: -0
      objectReference: {fileID: 0}
    - target: {fileID: 466106, guid: 0bbf7f386d7ddce40a533c0f56c51130, type: 3}
      propertyPath: m_LocalRotation.w
      value: 0.7071067
      objectReference: {fileID: 0}
    - target: {fileID: 466106, guid: 0bbf7f386d7ddce40a533c0f56c51130, type: 3}
      propertyPath: m_RootOrder
      value: 32
      objectReference: {fileID: 0}
    m_RemovedComponents: []
  m_SourcePrefab: {fileID: 100100000, guid: 0bbf7f386d7ddce40a533c0f56c51130, type: 3}
--- !u!4 &6043951166478143689 stripped
Transform:
  m_CorrespondingSourceObject: {fileID: 466106, guid: 0bbf7f386d7ddce40a533c0f56c51130,
    type: 3}
  m_PrefabInstance: {fileID: 6043951166478077043}
  m_PrefabAsset: {fileID: 0}
--- !u!1001 &6043951166520711520
PrefabInstance:
  m_ObjectHideFlags: 0
  serializedVersion: 2
  m_Modification:
    m_TransformParent: {fileID: 6043951165227365247}
    m_Modifications:
    - target: {fileID: 151238, guid: 0bbf7f386d7ddce40a533c0f56c51130, type: 3}
      propertyPath: m_Name
      value: wall_top_5 (4)
      objectReference: {fileID: 0}
    - target: {fileID: 466106, guid: 0bbf7f386d7ddce40a533c0f56c51130, type: 3}
      propertyPath: m_LocalPosition.x
      value: -15.220001
      objectReference: {fileID: 0}
    - target: {fileID: 466106, guid: 0bbf7f386d7ddce40a533c0f56c51130, type: 3}
      propertyPath: m_LocalPosition.y
      value: -2.22
      objectReference: {fileID: 0}
    - target: {fileID: 466106, guid: 0bbf7f386d7ddce40a533c0f56c51130, type: 3}
      propertyPath: m_LocalPosition.z
      value: -8
      objectReference: {fileID: 0}
    - target: {fileID: 466106, guid: 0bbf7f386d7ddce40a533c0f56c51130, type: 3}
      propertyPath: m_LocalRotation.x
      value: -0
      objectReference: {fileID: 0}
    - target: {fileID: 466106, guid: 0bbf7f386d7ddce40a533c0f56c51130, type: 3}
      propertyPath: m_LocalRotation.y
      value: -0
      objectReference: {fileID: 0}
    - target: {fileID: 466106, guid: 0bbf7f386d7ddce40a533c0f56c51130, type: 3}
      propertyPath: m_LocalRotation.z
      value: -0
      objectReference: {fileID: 0}
    - target: {fileID: 466106, guid: 0bbf7f386d7ddce40a533c0f56c51130, type: 3}
      propertyPath: m_LocalRotation.w
      value: 1
      objectReference: {fileID: 0}
    - target: {fileID: 466106, guid: 0bbf7f386d7ddce40a533c0f56c51130, type: 3}
      propertyPath: m_RootOrder
      value: 37
      objectReference: {fileID: 0}
    m_RemovedComponents: []
  m_SourcePrefab: {fileID: 100100000, guid: 0bbf7f386d7ddce40a533c0f56c51130, type: 3}
--- !u!4 &6043951166520378842 stripped
Transform:
  m_CorrespondingSourceObject: {fileID: 466106, guid: 0bbf7f386d7ddce40a533c0f56c51130,
    type: 3}
  m_PrefabInstance: {fileID: 6043951166520711520}
  m_PrefabAsset: {fileID: 0}
--- !u!1001 &6043951166536866097
PrefabInstance:
  m_ObjectHideFlags: 0
  serializedVersion: 2
  m_Modification:
    m_TransformParent: {fileID: 6043951165227365247}
    m_Modifications:
    - target: {fileID: 166394, guid: b84375a093efd1243862af1936322c62, type: 3}
      propertyPath: m_Name
      value: Floor_bricks2 (7)
      objectReference: {fileID: 0}
    - target: {fileID: 481178, guid: b84375a093efd1243862af1936322c62, type: 3}
      propertyPath: m_LocalPosition.x
      value: -18.362
      objectReference: {fileID: 0}
    - target: {fileID: 481178, guid: b84375a093efd1243862af1936322c62, type: 3}
      propertyPath: m_LocalPosition.y
      value: -2
      objectReference: {fileID: 0}
    - target: {fileID: 481178, guid: b84375a093efd1243862af1936322c62, type: 3}
      propertyPath: m_LocalPosition.z
      value: -8.71648
      objectReference: {fileID: 0}
    - target: {fileID: 481178, guid: b84375a093efd1243862af1936322c62, type: 3}
      propertyPath: m_LocalRotation.x
      value: -0
      objectReference: {fileID: 0}
    - target: {fileID: 481178, guid: b84375a093efd1243862af1936322c62, type: 3}
      propertyPath: m_LocalRotation.y
      value: 0.86805993
      objectReference: {fileID: 0}
    - target: {fileID: 481178, guid: b84375a093efd1243862af1936322c62, type: 3}
      propertyPath: m_LocalRotation.z
      value: -0
      objectReference: {fileID: 0}
    - target: {fileID: 481178, guid: b84375a093efd1243862af1936322c62, type: 3}
      propertyPath: m_LocalRotation.w
      value: 0.4964594
      objectReference: {fileID: 0}
    - target: {fileID: 481178, guid: b84375a093efd1243862af1936322c62, type: 3}
      propertyPath: m_RootOrder
      value: 9
      objectReference: {fileID: 0}
    m_RemovedComponents: []
  m_SourcePrefab: {fileID: 100100000, guid: b84375a093efd1243862af1936322c62, type: 3}
--- !u!4 &6043951166536781483 stripped
Transform:
  m_CorrespondingSourceObject: {fileID: 481178, guid: b84375a093efd1243862af1936322c62,
    type: 3}
  m_PrefabInstance: {fileID: 6043951166536866097}
  m_PrefabAsset: {fileID: 0}
--- !u!1001 &6043951166705794472
PrefabInstance:
  m_ObjectHideFlags: 0
  serializedVersion: 2
  m_Modification:
    m_TransformParent: {fileID: 6043951165227365247}
    m_Modifications:
    - target: {fileID: 151238, guid: 0bbf7f386d7ddce40a533c0f56c51130, type: 3}
      propertyPath: m_Name
      value: wall_top_5 (2)
      objectReference: {fileID: 0}
    - target: {fileID: 466106, guid: 0bbf7f386d7ddce40a533c0f56c51130, type: 3}
      propertyPath: m_LocalPosition.x
      value: -15.220001
      objectReference: {fileID: 0}
    - target: {fileID: 466106, guid: 0bbf7f386d7ddce40a533c0f56c51130, type: 3}
      propertyPath: m_LocalPosition.y
      value: -2.22
      objectReference: {fileID: 0}
    - target: {fileID: 466106, guid: 0bbf7f386d7ddce40a533c0f56c51130, type: 3}
      propertyPath: m_LocalPosition.z
      value: -12
      objectReference: {fileID: 0}
    - target: {fileID: 466106, guid: 0bbf7f386d7ddce40a533c0f56c51130, type: 3}
      propertyPath: m_LocalRotation.x
      value: -0
      objectReference: {fileID: 0}
    - target: {fileID: 466106, guid: 0bbf7f386d7ddce40a533c0f56c51130, type: 3}
      propertyPath: m_LocalRotation.y
      value: -0
      objectReference: {fileID: 0}
    - target: {fileID: 466106, guid: 0bbf7f386d7ddce40a533c0f56c51130, type: 3}
      propertyPath: m_LocalRotation.z
      value: -0
      objectReference: {fileID: 0}
    - target: {fileID: 466106, guid: 0bbf7f386d7ddce40a533c0f56c51130, type: 3}
      propertyPath: m_LocalRotation.w
      value: 1
      objectReference: {fileID: 0}
    - target: {fileID: 466106, guid: 0bbf7f386d7ddce40a533c0f56c51130, type: 3}
      propertyPath: m_RootOrder
      value: 38
      objectReference: {fileID: 0}
    m_RemovedComponents: []
  m_SourcePrefab: {fileID: 100100000, guid: 0bbf7f386d7ddce40a533c0f56c51130, type: 3}
--- !u!4 &6043951166705459474 stripped
Transform:
  m_CorrespondingSourceObject: {fileID: 466106, guid: 0bbf7f386d7ddce40a533c0f56c51130,
    type: 3}
  m_PrefabInstance: {fileID: 6043951166705794472}
  m_PrefabAsset: {fileID: 0}
--- !u!1001 &6043951166774396665
PrefabInstance:
  m_ObjectHideFlags: 0
  serializedVersion: 2
  m_Modification:
    m_TransformParent: {fileID: 6043951165227365247}
    m_Modifications:
    - target: {fileID: 109144, guid: d461ceb1af4d6f943962b22033dc2316, type: 3}
      propertyPath: m_Name
      value: wall_14a 15 (2)
      objectReference: {fileID: 0}
    - target: {fileID: 493358, guid: d461ceb1af4d6f943962b22033dc2316, type: 3}
      propertyPath: m_LocalPosition.x
      value: -19.220001
      objectReference: {fileID: 0}
    - target: {fileID: 493358, guid: d461ceb1af4d6f943962b22033dc2316, type: 3}
      propertyPath: m_LocalPosition.y
      value: -6
      objectReference: {fileID: 0}
    - target: {fileID: 493358, guid: d461ceb1af4d6f943962b22033dc2316, type: 3}
      propertyPath: m_LocalPosition.z
      value: -12
      objectReference: {fileID: 0}
    - target: {fileID: 493358, guid: d461ceb1af4d6f943962b22033dc2316, type: 3}
      propertyPath: m_LocalRotation.x
      value: -0
      objectReference: {fileID: 0}
    - target: {fileID: 493358, guid: d461ceb1af4d6f943962b22033dc2316, type: 3}
      propertyPath: m_LocalRotation.y
      value: 0.7071068
      objectReference: {fileID: 0}
    - target: {fileID: 493358, guid: d461ceb1af4d6f943962b22033dc2316, type: 3}
      propertyPath: m_LocalRotation.z
      value: -0
      objectReference: {fileID: 0}
    - target: {fileID: 493358, guid: d461ceb1af4d6f943962b22033dc2316, type: 3}
      propertyPath: m_LocalRotation.w
      value: 0.7071067
      objectReference: {fileID: 0}
    - target: {fileID: 493358, guid: d461ceb1af4d6f943962b22033dc2316, type: 3}
      propertyPath: m_RootOrder
      value: 8
      objectReference: {fileID: 0}
    m_RemovedComponents: []
  m_SourcePrefab: {fileID: 100100000, guid: d461ceb1af4d6f943962b22033dc2316, type: 3}
--- !u!4 &6043951166774231511 stripped
Transform:
  m_CorrespondingSourceObject: {fileID: 493358, guid: d461ceb1af4d6f943962b22033dc2316,
    type: 3}
  m_PrefabInstance: {fileID: 6043951166774396665}
  m_PrefabAsset: {fileID: 0}
--- !u!1001 &6043951166797004893
PrefabInstance:
  m_ObjectHideFlags: 0
  serializedVersion: 2
  m_Modification:
    m_TransformParent: {fileID: 6043951165227365247}
    m_Modifications:
    - target: {fileID: 100000, guid: 20c90fd4e199fa84590eb46fca20af85, type: 3}
      propertyPath: m_Name
      value: column_top_3 (10)
      objectReference: {fileID: 0}
    - target: {fileID: 400000, guid: 20c90fd4e199fa84590eb46fca20af85, type: 3}
      propertyPath: m_LocalPosition.x
      value: -15.220001
      objectReference: {fileID: 0}
    - target: {fileID: 400000, guid: 20c90fd4e199fa84590eb46fca20af85, type: 3}
      propertyPath: m_LocalPosition.y
      value: -2
      objectReference: {fileID: 0}
    - target: {fileID: 400000, guid: 20c90fd4e199fa84590eb46fca20af85, type: 3}
      propertyPath: m_LocalPosition.z
      value: -11
      objectReference: {fileID: 0}
    - target: {fileID: 400000, guid: 20c90fd4e199fa84590eb46fca20af85, type: 3}
      propertyPath: m_LocalRotation.x
      value: 0
      objectReference: {fileID: 0}
    - target: {fileID: 400000, guid: 20c90fd4e199fa84590eb46fca20af85, type: 3}
      propertyPath: m_LocalRotation.y
      value: -0.7071068
      objectReference: {fileID: 0}
    - target: {fileID: 400000, guid: 20c90fd4e199fa84590eb46fca20af85, type: 3}
      propertyPath: m_LocalRotation.z
      value: -0
      objectReference: {fileID: 0}
    - target: {fileID: 400000, guid: 20c90fd4e199fa84590eb46fca20af85, type: 3}
      propertyPath: m_LocalRotation.w
      value: 0.7071068
      objectReference: {fileID: 0}
    - target: {fileID: 400000, guid: 20c90fd4e199fa84590eb46fca20af85, type: 3}
      propertyPath: m_RootOrder
      value: 5
      objectReference: {fileID: 0}
    m_RemovedComponents: []
  m_SourcePrefab: {fileID: 100100000, guid: 20c90fd4e199fa84590eb46fca20af85, type: 3}
--- !u!4 &6043951166796618461 stripped
Transform:
  m_CorrespondingSourceObject: {fileID: 400000, guid: 20c90fd4e199fa84590eb46fca20af85,
    type: 3}
  m_PrefabInstance: {fileID: 6043951166797004893}
  m_PrefabAsset: {fileID: 0}
--- !u!1001 &6043951166798217534
PrefabInstance:
  m_ObjectHideFlags: 0
  serializedVersion: 2
  m_Modification:
    m_TransformParent: {fileID: 6043951165227365247}
    m_Modifications:
    - target: {fileID: 109144, guid: d461ceb1af4d6f943962b22033dc2316, type: 3}
      propertyPath: m_Name
      value: wall_14a 16 (8)
      objectReference: {fileID: 0}
    - target: {fileID: 493358, guid: d461ceb1af4d6f943962b22033dc2316, type: 3}
      propertyPath: m_LocalPosition.x
      value: -20.220001
      objectReference: {fileID: 0}
    - target: {fileID: 493358, guid: d461ceb1af4d6f943962b22033dc2316, type: 3}
      propertyPath: m_LocalPosition.y
      value: -6
      objectReference: {fileID: 0}
    - target: {fileID: 493358, guid: d461ceb1af4d6f943962b22033dc2316, type: 3}
      propertyPath: m_LocalPosition.z
      value: -9
      objectReference: {fileID: 0}
    - target: {fileID: 493358, guid: d461ceb1af4d6f943962b22033dc2316, type: 3}
      propertyPath: m_LocalRotation.x
      value: -0
      objectReference: {fileID: 0}
    - target: {fileID: 493358, guid: d461ceb1af4d6f943962b22033dc2316, type: 3}
      propertyPath: m_LocalRotation.y
      value: 1
      objectReference: {fileID: 0}
    - target: {fileID: 493358, guid: d461ceb1af4d6f943962b22033dc2316, type: 3}
      propertyPath: m_LocalRotation.z
      value: -0
      objectReference: {fileID: 0}
    - target: {fileID: 493358, guid: d461ceb1af4d6f943962b22033dc2316, type: 3}
      propertyPath: m_LocalRotation.w
      value: -0.00000016292068
      objectReference: {fileID: 0}
    - target: {fileID: 493358, guid: d461ceb1af4d6f943962b22033dc2316, type: 3}
      propertyPath: m_RootOrder
      value: 6
      objectReference: {fileID: 0}
    m_RemovedComponents: []
  m_SourcePrefab: {fileID: 100100000, guid: d461ceb1af4d6f943962b22033dc2316, type: 3}
--- !u!4 &6043951166798644752 stripped
Transform:
  m_CorrespondingSourceObject: {fileID: 493358, guid: d461ceb1af4d6f943962b22033dc2316,
    type: 3}
  m_PrefabInstance: {fileID: 6043951166798217534}
  m_PrefabAsset: {fileID: 0}
--- !u!1001 &6043951166860808468
PrefabInstance:
  m_ObjectHideFlags: 0
  serializedVersion: 2
  m_Modification:
    m_TransformParent: {fileID: 6043951165227365247}
    m_Modifications:
    - target: {fileID: 100000, guid: b7d62038123024d43ac94ca293ca02ee, type: 3}
      propertyPath: m_Name
      value: Lamp_1 (3)
      objectReference: {fileID: 0}
    - target: {fileID: 400000, guid: b7d62038123024d43ac94ca293ca02ee, type: 3}
      propertyPath: m_LocalPosition.x
      value: -18.220001
      objectReference: {fileID: 0}
    - target: {fileID: 400000, guid: b7d62038123024d43ac94ca293ca02ee, type: 3}
      propertyPath: m_LocalPosition.y
      value: -2
      objectReference: {fileID: 0}
    - target: {fileID: 400000, guid: b7d62038123024d43ac94ca293ca02ee, type: 3}
      propertyPath: m_LocalPosition.z
      value: -8
      objectReference: {fileID: 0}
    - target: {fileID: 400000, guid: b7d62038123024d43ac94ca293ca02ee, type: 3}
      propertyPath: m_LocalRotation.x
      value: -0
      objectReference: {fileID: 0}
    - target: {fileID: 400000, guid: b7d62038123024d43ac94ca293ca02ee, type: 3}
      propertyPath: m_LocalRotation.y
      value: -0
      objectReference: {fileID: 0}
    - target: {fileID: 400000, guid: b7d62038123024d43ac94ca293ca02ee, type: 3}
      propertyPath: m_LocalRotation.z
      value: -0
      objectReference: {fileID: 0}
    - target: {fileID: 400000, guid: b7d62038123024d43ac94ca293ca02ee, type: 3}
      propertyPath: m_LocalRotation.w
      value: 1
      objectReference: {fileID: 0}
    - target: {fileID: 400000, guid: b7d62038123024d43ac94ca293ca02ee, type: 3}
      propertyPath: m_RootOrder
      value: 44
      objectReference: {fileID: 0}
    m_RemovedComponents: []
  m_SourcePrefab: {fileID: 100100000, guid: b7d62038123024d43ac94ca293ca02ee, type: 3}
--- !u!4 &6043951166860938132 stripped
Transform:
  m_CorrespondingSourceObject: {fileID: 400000, guid: b7d62038123024d43ac94ca293ca02ee,
    type: 3}
  m_PrefabInstance: {fileID: 6043951166860808468}
  m_PrefabAsset: {fileID: 0}
--- !u!1001 &6043951166864539641
PrefabInstance:
  m_ObjectHideFlags: 0
  serializedVersion: 2
  m_Modification:
    m_TransformParent: {fileID: 6043951165227365247}
    m_Modifications:
    - target: {fileID: 151238, guid: 0bbf7f386d7ddce40a533c0f56c51130, type: 3}
      propertyPath: m_Name
      value: wall_top_5 (12)
      objectReference: {fileID: 0}
    - target: {fileID: 466106, guid: 0bbf7f386d7ddce40a533c0f56c51130, type: 3}
      propertyPath: m_LocalPosition.x
      value: -19.220001
      objectReference: {fileID: 0}
    - target: {fileID: 466106, guid: 0bbf7f386d7ddce40a533c0f56c51130, type: 3}
      propertyPath: m_LocalPosition.y
      value: -2.22
      objectReference: {fileID: 0}
    - target: {fileID: 466106, guid: 0bbf7f386d7ddce40a533c0f56c51130, type: 3}
      propertyPath: m_LocalPosition.z
      value: -12
      objectReference: {fileID: 0}
    - target: {fileID: 466106, guid: 0bbf7f386d7ddce40a533c0f56c51130, type: 3}
      propertyPath: m_LocalRotation.x
      value: -0
      objectReference: {fileID: 0}
    - target: {fileID: 466106, guid: 0bbf7f386d7ddce40a533c0f56c51130, type: 3}
      propertyPath: m_LocalRotation.y
      value: -0
      objectReference: {fileID: 0}
    - target: {fileID: 466106, guid: 0bbf7f386d7ddce40a533c0f56c51130, type: 3}
      propertyPath: m_LocalRotation.z
      value: -0
      objectReference: {fileID: 0}
    - target: {fileID: 466106, guid: 0bbf7f386d7ddce40a533c0f56c51130, type: 3}
      propertyPath: m_LocalRotation.w
      value: 1
      objectReference: {fileID: 0}
    - target: {fileID: 466106, guid: 0bbf7f386d7ddce40a533c0f56c51130, type: 3}
      propertyPath: m_RootOrder
      value: 7
      objectReference: {fileID: 0}
    m_RemovedComponents: []
  m_SourcePrefab: {fileID: 100100000, guid: 0bbf7f386d7ddce40a533c0f56c51130, type: 3}
--- !u!4 &6043951166864466755 stripped
Transform:
  m_CorrespondingSourceObject: {fileID: 466106, guid: 0bbf7f386d7ddce40a533c0f56c51130,
    type: 3}
  m_PrefabInstance: {fileID: 6043951166864539641}
  m_PrefabAsset: {fileID: 0}
--- !u!1001 &6043951166976558118
PrefabInstance:
  m_ObjectHideFlags: 0
  serializedVersion: 2
  m_Modification:
    m_TransformParent: {fileID: 6043951165227365247}
    m_Modifications:
    - target: {fileID: 109144, guid: d461ceb1af4d6f943962b22033dc2316, type: 3}
      propertyPath: m_Name
      value: wall_14a 16 (5)
      objectReference: {fileID: 0}
    - target: {fileID: 493358, guid: d461ceb1af4d6f943962b22033dc2316, type: 3}
      propertyPath: m_LocalPosition.x
      value: -16.220001
      objectReference: {fileID: 0}
    - target: {fileID: 493358, guid: d461ceb1af4d6f943962b22033dc2316, type: 3}
      propertyPath: m_LocalPosition.y
      value: -6
      objectReference: {fileID: 0}
    - target: {fileID: 493358, guid: d461ceb1af4d6f943962b22033dc2316, type: 3}
      propertyPath: m_LocalPosition.z
      value: -7
      objectReference: {fileID: 0}
    - target: {fileID: 493358, guid: d461ceb1af4d6f943962b22033dc2316, type: 3}
      propertyPath: m_LocalRotation.x
      value: -0
      objectReference: {fileID: 0}
    - target: {fileID: 493358, guid: d461ceb1af4d6f943962b22033dc2316, type: 3}
      propertyPath: m_LocalRotation.y
      value: 1
      objectReference: {fileID: 0}
    - target: {fileID: 493358, guid: d461ceb1af4d6f943962b22033dc2316, type: 3}
      propertyPath: m_LocalRotation.z
      value: -0
      objectReference: {fileID: 0}
    - target: {fileID: 493358, guid: d461ceb1af4d6f943962b22033dc2316, type: 3}
      propertyPath: m_LocalRotation.w
      value: -0.00000016292068
      objectReference: {fileID: 0}
    - target: {fileID: 493358, guid: d461ceb1af4d6f943962b22033dc2316, type: 3}
      propertyPath: m_RootOrder
      value: 3
      objectReference: {fileID: 0}
    m_RemovedComponents: []
  m_SourcePrefab: {fileID: 100100000, guid: d461ceb1af4d6f943962b22033dc2316, type: 3}
--- !u!4 &6043951166976787208 stripped
Transform:
  m_CorrespondingSourceObject: {fileID: 493358, guid: d461ceb1af4d6f943962b22033dc2316,
    type: 3}
  m_PrefabInstance: {fileID: 6043951166976558118}
  m_PrefabAsset: {fileID: 0}
--- !u!1001 &6043951166997318545
PrefabInstance:
  m_ObjectHideFlags: 0
  serializedVersion: 2
  m_Modification:
    m_TransformParent: {fileID: 6043951165227365247}
    m_Modifications:
    - target: {fileID: 155992, guid: cd1692c21789fbe49a19604099ec1ffb, type: 3}
      propertyPath: m_Name
      value: wall_1a 31 (2)
      objectReference: {fileID: 0}
    - target: {fileID: 415138, guid: cd1692c21789fbe49a19604099ec1ffb, type: 3}
      propertyPath: m_LocalPosition.x
      value: -22.220001
      objectReference: {fileID: 0}
    - target: {fileID: 415138, guid: cd1692c21789fbe49a19604099ec1ffb, type: 3}
      propertyPath: m_LocalPosition.y
      value: -2
      objectReference: {fileID: 0}
    - target: {fileID: 415138, guid: cd1692c21789fbe49a19604099ec1ffb, type: 3}
      propertyPath: m_LocalPosition.z
      value: -11
      objectReference: {fileID: 0}
    - target: {fileID: 415138, guid: cd1692c21789fbe49a19604099ec1ffb, type: 3}
      propertyPath: m_LocalRotation.x
      value: -0
      objectReference: {fileID: 0}
    - target: {fileID: 415138, guid: cd1692c21789fbe49a19604099ec1ffb, type: 3}
      propertyPath: m_LocalRotation.y
      value: 0.7071068
      objectReference: {fileID: 0}
    - target: {fileID: 415138, guid: cd1692c21789fbe49a19604099ec1ffb, type: 3}
      propertyPath: m_LocalRotation.z
      value: -0
      objectReference: {fileID: 0}
    - target: {fileID: 415138, guid: cd1692c21789fbe49a19604099ec1ffb, type: 3}
      propertyPath: m_LocalRotation.w
      value: 0.7071067
      objectReference: {fileID: 0}
    - target: {fileID: 415138, guid: cd1692c21789fbe49a19604099ec1ffb, type: 3}
      propertyPath: m_RootOrder
      value: 42
      objectReference: {fileID: 0}
    m_RemovedComponents: []
  m_SourcePrefab: {fileID: 100100000, guid: cd1692c21789fbe49a19604099ec1ffb, type: 3}
--- !u!4 &6043951166996913715 stripped
Transform:
  m_CorrespondingSourceObject: {fileID: 415138, guid: cd1692c21789fbe49a19604099ec1ffb,
    type: 3}
  m_PrefabInstance: {fileID: 6043951166997318545}
  m_PrefabAsset: {fileID: 0}
--- !u!1 &6043951166997179081 stripped
GameObject:
  m_CorrespondingSourceObject: {fileID: 155992, guid: cd1692c21789fbe49a19604099ec1ffb,
    type: 3}
  m_PrefabInstance: {fileID: 6043951166997318545}
  m_PrefabAsset: {fileID: 0}
--- !u!1001 &6043951167038365426
PrefabInstance:
  m_ObjectHideFlags: 0
  serializedVersion: 2
  m_Modification:
    m_TransformParent: {fileID: 6043951165227365247}
    m_Modifications:
    - target: {fileID: 100000, guid: 20c90fd4e199fa84590eb46fca20af85, type: 3}
      propertyPath: m_Name
      value: column_top_3 (2)
      objectReference: {fileID: 0}
    - target: {fileID: 400000, guid: 20c90fd4e199fa84590eb46fca20af85, type: 3}
      propertyPath: m_LocalPosition.x
      value: -19.220001
      objectReference: {fileID: 0}
    - target: {fileID: 400000, guid: 20c90fd4e199fa84590eb46fca20af85, type: 3}
      propertyPath: m_LocalPosition.y
      value: -2
      objectReference: {fileID: 0}
    - target: {fileID: 400000, guid: 20c90fd4e199fa84590eb46fca20af85, type: 3}
      propertyPath: m_LocalPosition.z
      value: -13
      objectReference: {fileID: 0}
    - target: {fileID: 400000, guid: 20c90fd4e199fa84590eb46fca20af85, type: 3}
      propertyPath: m_LocalRotation.x
      value: 0
      objectReference: {fileID: 0}
    - target: {fileID: 400000, guid: 20c90fd4e199fa84590eb46fca20af85, type: 3}
      propertyPath: m_LocalRotation.y
      value: -0.7071068
      objectReference: {fileID: 0}
    - target: {fileID: 400000, guid: 20c90fd4e199fa84590eb46fca20af85, type: 3}
      propertyPath: m_LocalRotation.z
      value: -0
      objectReference: {fileID: 0}
    - target: {fileID: 400000, guid: 20c90fd4e199fa84590eb46fca20af85, type: 3}
      propertyPath: m_LocalRotation.w
      value: 0.7071068
      objectReference: {fileID: 0}
    - target: {fileID: 400000, guid: 20c90fd4e199fa84590eb46fca20af85, type: 3}
      propertyPath: m_RootOrder
      value: 4
      objectReference: {fileID: 0}
    m_RemovedComponents: []
  m_SourcePrefab: {fileID: 100100000, guid: 20c90fd4e199fa84590eb46fca20af85, type: 3}
--- !u!4 &6043951167038751858 stripped
Transform:
  m_CorrespondingSourceObject: {fileID: 400000, guid: 20c90fd4e199fa84590eb46fca20af85,
    type: 3}
  m_PrefabInstance: {fileID: 6043951167038365426}
  m_PrefabAsset: {fileID: 0}
--- !u!1001 &6043951167046763127
PrefabInstance:
  m_ObjectHideFlags: 0
  serializedVersion: 2
  m_Modification:
    m_TransformParent: {fileID: 6043951165227365247}
    m_Modifications:
    - target: {fileID: 155992, guid: cd1692c21789fbe49a19604099ec1ffb, type: 3}
      propertyPath: m_Name
      value: wall_1a 31 (1)
      objectReference: {fileID: 0}
    - target: {fileID: 415138, guid: cd1692c21789fbe49a19604099ec1ffb, type: 3}
      propertyPath: m_LocalPosition.x
      value: -22.220001
      objectReference: {fileID: 0}
    - target: {fileID: 415138, guid: cd1692c21789fbe49a19604099ec1ffb, type: 3}
      propertyPath: m_LocalPosition.y
      value: -2
      objectReference: {fileID: 0}
    - target: {fileID: 415138, guid: cd1692c21789fbe49a19604099ec1ffb, type: 3}
      propertyPath: m_LocalPosition.z
      value: -9
      objectReference: {fileID: 0}
    - target: {fileID: 415138, guid: cd1692c21789fbe49a19604099ec1ffb, type: 3}
      propertyPath: m_LocalRotation.x
      value: 0
      objectReference: {fileID: 0}
    - target: {fileID: 415138, guid: cd1692c21789fbe49a19604099ec1ffb, type: 3}
      propertyPath: m_LocalRotation.y
      value: -0.7071068
      objectReference: {fileID: 0}
    - target: {fileID: 415138, guid: cd1692c21789fbe49a19604099ec1ffb, type: 3}
      propertyPath: m_LocalRotation.z
      value: -0
      objectReference: {fileID: 0}
    - target: {fileID: 415138, guid: cd1692c21789fbe49a19604099ec1ffb, type: 3}
      propertyPath: m_LocalRotation.w
      value: 0.7071067
      objectReference: {fileID: 0}
    - target: {fileID: 415138, guid: cd1692c21789fbe49a19604099ec1ffb, type: 3}
      propertyPath: m_RootOrder
      value: 43
      objectReference: {fileID: 0}
    m_RemovedComponents: []
  m_SourcePrefab: {fileID: 100100000, guid: cd1692c21789fbe49a19604099ec1ffb, type: 3}
--- !u!4 &6043951167047145429 stripped
Transform:
  m_CorrespondingSourceObject: {fileID: 415138, guid: cd1692c21789fbe49a19604099ec1ffb,
    type: 3}
  m_PrefabInstance: {fileID: 6043951167046763127}
  m_PrefabAsset: {fileID: 0}
--- !u!1 &6043951167046886191 stripped
GameObject:
  m_CorrespondingSourceObject: {fileID: 155992, guid: cd1692c21789fbe49a19604099ec1ffb,
    type: 3}
  m_PrefabInstance: {fileID: 6043951167046763127}
  m_PrefabAsset: {fileID: 0}
--- !u!1001 &6043951167055590538
PrefabInstance:
  m_ObjectHideFlags: 0
  serializedVersion: 2
  m_Modification:
    m_TransformParent: {fileID: 6043951165227365247}
    m_Modifications:
    - target: {fileID: 151238, guid: 0bbf7f386d7ddce40a533c0f56c51130, type: 3}
      propertyPath: m_Name
      value: wall_top_5 (7)
      objectReference: {fileID: 0}
    - target: {fileID: 466106, guid: 0bbf7f386d7ddce40a533c0f56c51130, type: 3}
      propertyPath: m_LocalPosition.x
      value: -18.220001
      objectReference: {fileID: 0}
    - target: {fileID: 466106, guid: 0bbf7f386d7ddce40a533c0f56c51130, type: 3}
      propertyPath: m_LocalPosition.y
      value: -2.22
      objectReference: {fileID: 0}
    - target: {fileID: 466106, guid: 0bbf7f386d7ddce40a533c0f56c51130, type: 3}
      propertyPath: m_LocalPosition.z
      value: -7
      objectReference: {fileID: 0}
    - target: {fileID: 466106, guid: 0bbf7f386d7ddce40a533c0f56c51130, type: 3}
      propertyPath: m_LocalRotation.x
      value: -0
      objectReference: {fileID: 0}
    - target: {fileID: 466106, guid: 0bbf7f386d7ddce40a533c0f56c51130, type: 3}
      propertyPath: m_LocalRotation.y
      value: 0.7071068
      objectReference: {fileID: 0}
    - target: {fileID: 466106, guid: 0bbf7f386d7ddce40a533c0f56c51130, type: 3}
      propertyPath: m_LocalRotation.z
      value: -0
      objectReference: {fileID: 0}
    - target: {fileID: 466106, guid: 0bbf7f386d7ddce40a533c0f56c51130, type: 3}
      propertyPath: m_LocalRotation.w
      value: 0.7071067
      objectReference: {fileID: 0}
    - target: {fileID: 466106, guid: 0bbf7f386d7ddce40a533c0f56c51130, type: 3}
      propertyPath: m_RootOrder
      value: 35
      objectReference: {fileID: 0}
    m_RemovedComponents: []
  m_SourcePrefab: {fileID: 100100000, guid: 0bbf7f386d7ddce40a533c0f56c51130, type: 3}
--- !u!4 &6043951167055128624 stripped
Transform:
  m_CorrespondingSourceObject: {fileID: 466106, guid: 0bbf7f386d7ddce40a533c0f56c51130,
    type: 3}
  m_PrefabInstance: {fileID: 6043951167055590538}
  m_PrefabAsset: {fileID: 0}
--- !u!1001 &6043951167222417808
PrefabInstance:
  m_ObjectHideFlags: 0
  serializedVersion: 2
  m_Modification:
    m_TransformParent: {fileID: 6043951165227365247}
    m_Modifications:
    - target: {fileID: 100000, guid: 20c90fd4e199fa84590eb46fca20af85, type: 3}
      propertyPath: m_Name
      value: column_top_3 (6)
      objectReference: {fileID: 0}
    - target: {fileID: 400000, guid: 20c90fd4e199fa84590eb46fca20af85, type: 3}
      propertyPath: m_LocalPosition.x
      value: -17.220001
      objectReference: {fileID: 0}
    - target: {fileID: 400000, guid: 20c90fd4e199fa84590eb46fca20af85, type: 3}
      propertyPath: m_LocalPosition.y
      value: -2
      objectReference: {fileID: 0}
    - target: {fileID: 400000, guid: 20c90fd4e199fa84590eb46fca20af85, type: 3}
      propertyPath: m_LocalPosition.z
      value: -7
      objectReference: {fileID: 0}
    - target: {fileID: 400000, guid: 20c90fd4e199fa84590eb46fca20af85, type: 3}
      propertyPath: m_LocalRotation.x
      value: 0
      objectReference: {fileID: 0}
    - target: {fileID: 400000, guid: 20c90fd4e199fa84590eb46fca20af85, type: 3}
      propertyPath: m_LocalRotation.y
      value: -0.7071068
      objectReference: {fileID: 0}
    - target: {fileID: 400000, guid: 20c90fd4e199fa84590eb46fca20af85, type: 3}
      propertyPath: m_LocalRotation.z
      value: -0
      objectReference: {fileID: 0}
    - target: {fileID: 400000, guid: 20c90fd4e199fa84590eb46fca20af85, type: 3}
      propertyPath: m_LocalRotation.w
      value: 0.7071068
      objectReference: {fileID: 0}
    - target: {fileID: 400000, guid: 20c90fd4e199fa84590eb46fca20af85, type: 3}
      propertyPath: m_RootOrder
      value: 30
      objectReference: {fileID: 0}
    m_RemovedComponents: []
  m_SourcePrefab: {fileID: 100100000, guid: 20c90fd4e199fa84590eb46fca20af85, type: 3}
--- !u!4 &6043951167222813456 stripped
Transform:
  m_CorrespondingSourceObject: {fileID: 400000, guid: 20c90fd4e199fa84590eb46fca20af85,
    type: 3}
  m_PrefabInstance: {fileID: 6043951167222417808}
  m_PrefabAsset: {fileID: 0}
--- !u!1001 &6043951167237065955
PrefabInstance:
  m_ObjectHideFlags: 0
  serializedVersion: 2
  m_Modification:
    m_TransformParent: {fileID: 6043951165227365247}
    m_Modifications:
    - target: {fileID: 151238, guid: 0bbf7f386d7ddce40a533c0f56c51130, type: 3}
      propertyPath: m_Name
      value: wall_top_5 (5)
      objectReference: {fileID: 0}
    - target: {fileID: 466106, guid: 0bbf7f386d7ddce40a533c0f56c51130, type: 3}
      propertyPath: m_LocalPosition.x
      value: -19.220001
      objectReference: {fileID: 0}
    - target: {fileID: 466106, guid: 0bbf7f386d7ddce40a533c0f56c51130, type: 3}
      propertyPath: m_LocalPosition.y
      value: -2.22
      objectReference: {fileID: 0}
    - target: {fileID: 466106, guid: 0bbf7f386d7ddce40a533c0f56c51130, type: 3}
      propertyPath: m_LocalPosition.z
      value: -8
      objectReference: {fileID: 0}
    - target: {fileID: 466106, guid: 0bbf7f386d7ddce40a533c0f56c51130, type: 3}
      propertyPath: m_LocalRotation.x
      value: -0
      objectReference: {fileID: 0}
    - target: {fileID: 466106, guid: 0bbf7f386d7ddce40a533c0f56c51130, type: 3}
      propertyPath: m_LocalRotation.y
      value: -0
      objectReference: {fileID: 0}
    - target: {fileID: 466106, guid: 0bbf7f386d7ddce40a533c0f56c51130, type: 3}
      propertyPath: m_LocalRotation.z
      value: -0
      objectReference: {fileID: 0}
    - target: {fileID: 466106, guid: 0bbf7f386d7ddce40a533c0f56c51130, type: 3}
      propertyPath: m_LocalRotation.w
      value: 1
      objectReference: {fileID: 0}
    - target: {fileID: 466106, guid: 0bbf7f386d7ddce40a533c0f56c51130, type: 3}
      propertyPath: m_RootOrder
      value: 40
      objectReference: {fileID: 0}
    m_RemovedComponents: []
  m_SourcePrefab: {fileID: 100100000, guid: 0bbf7f386d7ddce40a533c0f56c51130, type: 3}
--- !u!4 &6043951167237394521 stripped
Transform:
  m_CorrespondingSourceObject: {fileID: 466106, guid: 0bbf7f386d7ddce40a533c0f56c51130,
    type: 3}
  m_PrefabInstance: {fileID: 6043951167237065955}
  m_PrefabAsset: {fileID: 0}
--- !u!1001 &6043951167245194347
PrefabInstance:
  m_ObjectHideFlags: 0
  serializedVersion: 2
  m_Modification:
    m_TransformParent: {fileID: 6043951165227365247}
    m_Modifications:
    - target: {fileID: 100000, guid: 7487e5e4c7555e34aa94609e2b1825f5, type: 3}
      propertyPath: m_Name
      value: floor_17 (2)
      objectReference: {fileID: 0}
    - target: {fileID: 400000, guid: 7487e5e4c7555e34aa94609e2b1825f5, type: 3}
      propertyPath: m_LocalPosition.x
      value: -22.220001
      objectReference: {fileID: 0}
    - target: {fileID: 400000, guid: 7487e5e4c7555e34aa94609e2b1825f5, type: 3}
      propertyPath: m_LocalPosition.y
      value: -2
      objectReference: {fileID: 0}
    - target: {fileID: 400000, guid: 7487e5e4c7555e34aa94609e2b1825f5, type: 3}
      propertyPath: m_LocalPosition.z
      value: -10
      objectReference: {fileID: 0}
    - target: {fileID: 400000, guid: 7487e5e4c7555e34aa94609e2b1825f5, type: 3}
      propertyPath: m_LocalRotation.x
      value: -0
      objectReference: {fileID: 0}
    - target: {fileID: 400000, guid: 7487e5e4c7555e34aa94609e2b1825f5, type: 3}
      propertyPath: m_LocalRotation.y
      value: -0
      objectReference: {fileID: 0}
    - target: {fileID: 400000, guid: 7487e5e4c7555e34aa94609e2b1825f5, type: 3}
      propertyPath: m_LocalRotation.z
      value: -0
      objectReference: {fileID: 0}
    - target: {fileID: 400000, guid: 7487e5e4c7555e34aa94609e2b1825f5, type: 3}
      propertyPath: m_LocalRotation.w
      value: 1
      objectReference: {fileID: 0}
    - target: {fileID: 400000, guid: 7487e5e4c7555e34aa94609e2b1825f5, type: 3}
      propertyPath: m_RootOrder
      value: 0
      objectReference: {fileID: 0}
    m_RemovedComponents: []
  m_SourcePrefab: {fileID: 100100000, guid: 7487e5e4c7555e34aa94609e2b1825f5, type: 3}
--- !u!4 &6043951167245061867 stripped
Transform:
  m_CorrespondingSourceObject: {fileID: 400000, guid: 7487e5e4c7555e34aa94609e2b1825f5,
    type: 3}
  m_PrefabInstance: {fileID: 6043951167245194347}
  m_PrefabAsset: {fileID: 0}
--- !u!1001 &6043951167259962997
PrefabInstance:
  m_ObjectHideFlags: 0
  serializedVersion: 2
  m_Modification:
    m_TransformParent: {fileID: 6043951165227365247}
    m_Modifications:
    - target: {fileID: 100000, guid: 20c90fd4e199fa84590eb46fca20af85, type: 3}
      propertyPath: m_Name
      value: column_top_3 (11)
      objectReference: {fileID: 0}
    - target: {fileID: 400000, guid: 20c90fd4e199fa84590eb46fca20af85, type: 3}
      propertyPath: m_LocalPosition.x
      value: -19.220001
      objectReference: {fileID: 0}
    - target: {fileID: 400000, guid: 20c90fd4e199fa84590eb46fca20af85, type: 3}
      propertyPath: m_LocalPosition.y
      value: -2
      objectReference: {fileID: 0}
    - target: {fileID: 400000, guid: 20c90fd4e199fa84590eb46fca20af85, type: 3}
      propertyPath: m_LocalPosition.z
      value: -9
      objectReference: {fileID: 0}
    - target: {fileID: 400000, guid: 20c90fd4e199fa84590eb46fca20af85, type: 3}
      propertyPath: m_LocalRotation.x
      value: 0
      objectReference: {fileID: 0}
    - target: {fileID: 400000, guid: 20c90fd4e199fa84590eb46fca20af85, type: 3}
      propertyPath: m_LocalRotation.y
      value: -0.7071068
      objectReference: {fileID: 0}
    - target: {fileID: 400000, guid: 20c90fd4e199fa84590eb46fca20af85, type: 3}
      propertyPath: m_LocalRotation.z
      value: -0
      objectReference: {fileID: 0}
    - target: {fileID: 400000, guid: 20c90fd4e199fa84590eb46fca20af85, type: 3}
      propertyPath: m_LocalRotation.w
      value: 0.7071068
      objectReference: {fileID: 0}
    - target: {fileID: 400000, guid: 20c90fd4e199fa84590eb46fca20af85, type: 3}
      propertyPath: m_RootOrder
      value: 2
      objectReference: {fileID: 0}
    m_RemovedComponents: []
  m_SourcePrefab: {fileID: 100100000, guid: 20c90fd4e199fa84590eb46fca20af85, type: 3}
--- !u!4 &6043951167259571445 stripped
Transform:
  m_CorrespondingSourceObject: {fileID: 400000, guid: 20c90fd4e199fa84590eb46fca20af85,
    type: 3}
  m_PrefabInstance: {fileID: 6043951167259962997}
  m_PrefabAsset: {fileID: 0}
--- !u!1001 &6043951167302914302
PrefabInstance:
  m_ObjectHideFlags: 0
  serializedVersion: 2
  m_Modification:
    m_TransformParent: {fileID: 6043951165227365247}
    m_Modifications:
    - target: {fileID: 109144, guid: d461ceb1af4d6f943962b22033dc2316, type: 3}
      propertyPath: m_Name
      value: wall_14a 16 (3)
      objectReference: {fileID: 0}
    - target: {fileID: 493358, guid: d461ceb1af4d6f943962b22033dc2316, type: 3}
      propertyPath: m_LocalPosition.x
      value: -15.220001
      objectReference: {fileID: 0}
    - target: {fileID: 493358, guid: d461ceb1af4d6f943962b22033dc2316, type: 3}
      propertyPath: m_LocalPosition.y
      value: -6
      objectReference: {fileID: 0}
    - target: {fileID: 493358, guid: d461ceb1af4d6f943962b22033dc2316, type: 3}
      propertyPath: m_LocalPosition.z
      value: -10
      objectReference: {fileID: 0}
    - target: {fileID: 493358, guid: d461ceb1af4d6f943962b22033dc2316, type: 3}
      propertyPath: m_LocalRotation.x
      value: 0
      objectReference: {fileID: 0}
    - target: {fileID: 493358, guid: d461ceb1af4d6f943962b22033dc2316, type: 3}
      propertyPath: m_LocalRotation.y
      value: -0.7071068
      objectReference: {fileID: 0}
    - target: {fileID: 493358, guid: d461ceb1af4d6f943962b22033dc2316, type: 3}
      propertyPath: m_LocalRotation.z
      value: -0
      objectReference: {fileID: 0}
    - target: {fileID: 493358, guid: d461ceb1af4d6f943962b22033dc2316, type: 3}
      propertyPath: m_LocalRotation.w
      value: 0.7071067
      objectReference: {fileID: 0}
    - target: {fileID: 493358, guid: d461ceb1af4d6f943962b22033dc2316, type: 3}
      propertyPath: m_RootOrder
      value: 1
      objectReference: {fileID: 0}
    m_RemovedComponents: []
  m_SourcePrefab: {fileID: 100100000, guid: d461ceb1af4d6f943962b22033dc2316, type: 3}
--- !u!4 &6043951167302686672 stripped
Transform:
  m_CorrespondingSourceObject: {fileID: 493358, guid: d461ceb1af4d6f943962b22033dc2316,
    type: 3}
  m_PrefabInstance: {fileID: 6043951167302914302}
  m_PrefabAsset: {fileID: 0}
